symbol,timestamp,bid_price,bid_size,ask_price,ask_size
BTC/USD,2025-05-27 03:12:03.877439+00:00,108673.484,1.6218,108856.4,0.799289
BTC/USD,2025-05-27 03:12:03.877757+00:00,108734.5,0.80801,108856.4,0.799289
BTC/USD,2025-05-27 03:12:03.877954+00:00,108734.5,0.80801,108901.07,1.5964
BTC/USD,2025-05-27 03:12:03.878199+00:00,108734.5,0.80801,108892.085,0.7965
BTC/USD,2025-05-27 03:12:10.912435+00:00,108712.92,1.619,108892.085,0.7965
BTC/USD,2025-05-27 03:12:10.912490+00:00,108833.01,0.79848,108892.085,0.7965
BTC/USD,2025-05-27 03:12:10.912547+00:00,108833.01,0.79848,108957.1,1.5943
BTC/USD,2025-05-27 03:12:10.912664+00:00,108833.01,0.79848,108929.359,0.80452
BTC/USD,2025-05-27 03:12:16.206285+00:00,108833.01,0.79848,108989.88,1.6016
BTC/USD,2025-05-27 03:12:16.206706+00:00,108786.55,1.6096,108989.88,1.6016
BTC/USD,2025-05-27 03:12:16.206887+00:00,108849.48,0.80488,108989.88,1.6016
BTC/USD,2025-05-27 03:12:16.207256+00:00,108849.48,0.80488,109040.8,2.4282
BTC/USD,2025-05-27 03:12:16.207267+00:00,108849.48,0.80488,108986.25,0.8019
BTC/USD,2025-05-27 03:12:37.503287+00:00,108849.48,0.80488,109020.2,1.61099
BTC/USD,2025-05-27 03:12:37.503784+00:00,108801.484,1.6043,109020.2,1.61099
BTC/USD,2025-05-27 03:12:37.504118+00:00,108902.8,0.7977,109020.2,1.61099
BTC/USD,2025-05-27 03:12:37.504391+00:00,108902.8,0.7977,109134.14,2.4091
BTC/USD,2025-05-27 03:12:37.504475+00:00,108902.8,0.7977,109033.83,0.79857
BTC/USD,2025-05-27 03:12:53.605338+00:00,108902.8,0.7977,109079.08,1.59
BTC/USD,2025-05-27 03:12:53.605519+00:00,108867.9,1.59796,109079.08,1.59
BTC/USD,2025-05-27 03:12:53.605700+00:00,108950.74,0.795398,109079.08,1.59
BTC/USD,2025-05-27 03:12:53.605868+00:00,108950.74,0.795398,109138.8,2.38839
BTC/USD,2025-05-27 03:12:53.606638+00:00,108950.74,0.795398,109143.755,0.8048
BTC/USD,2025-05-27 03:13:22.082959+00:00,108945.7,1.616,109143.755,0.8048
BTC/USD,2025-05-27 03:13:22.082985+00:00,108956.44,0.80625,109143.755,0.8048
BTC/USD,2025-05-27 03:13:22.083109+00:00,108956.44,0.80625,109170.0,1.59002
BTC/USD,2025-05-27 03:13:22.083322+00:00,108956.44,0.80625,109044.97,0.80363
BTC/USD,2025-05-27 03:13:32.600983+00:00,108956.44,0.80625,109134.66,1.621
BTC/USD,2025-05-27 03:13:32.601701+00:00,108920.86,1.59307,109134.66,1.621
BTC/USD,2025-05-27 03:13:32.601735+00:00,108958.03,0.79933,109134.66,1.621
BTC/USD,2025-05-27 03:13:32.601851+00:00,108958.03,0.79933,109189.9,2.38545
BTC/USD,2025-05-27 03:13:32.601919+00:00,108958.03,0.79933,109147.0,0.79541
BTC/USD,2025-05-27 03:13:32.601959+00:00,108963.788,1.61797,109147.0,0.79541
BTC/USD,2025-05-27 03:14:15.299053+00:00,108958.03,0.79933,109147.0,0.79541
BTC/USD,2025-05-27 03:14:15.299823+00:00,108958.03,0.79933,109163.1,1.6176
BTC/USD,2025-05-27 03:14:15.300049+00:00,108958.03,0.79933,109077.5,0.80566
BTC/USD,2025-05-27 03:14:15.300586+00:00,108929.25,0.802058,109077.5,0.80566
BTC/USD,2025-05-27 03:15:23.080211+00:00,108887.21,1.6105,109077.5,0.80566
BTC/USD,2025-05-27 03:15:23.080237+00:00,108968.3,0.808,109077.5,0.80566
BTC/USD,2025-05-27 03:15:23.080246+00:00,108968.3,0.808,109114.3,1.594
BTC/USD,2025-05-27 03:15:23.080917+00:00,108968.3,0.808,109119.2,0.806063
BTC/USD,2025-05-27 03:15:32.489101+00:00,108921.2,1.61375,109119.2,0.806063
BTC/USD,2025-05-27 03:15:32.489169+00:00,108948.5,0.804508,109119.2,0.806063
BTC/USD,2025-05-27 03:15:32.489365+00:00,108948.5,0.804508,109185.64,1.61564
BTC/USD,2025-05-27 03:15:32.489440+00:00,108948.5,0.804508,109074.2,0.80178
BTC/USD,2025-05-27 03:16:00.411013+00:00,108876.6,1.602,109074.2,0.80178
BTC/USD,2025-05-27 03:16:00.411398+00:00,108958.559,0.8049,109074.2,0.80178
BTC/USD,2025-05-27 03:16:00.412114+00:00,108958.559,0.8049,109105.3,1.6185
BTC/USD,2025-05-27 03:16:00.412838+00:00,108958.559,0.8049,109148.98,2.394
BTC/USD,2025-05-27 03:16:00.412916+00:00,108958.559,0.8049,109146.634,1.6158
BTC/USD,2025-05-27 03:16:08.804701+00:00,108943.0,1.62201,109146.634,1.6158
BTC/USD,2025-05-27 03:16:08.804811+00:00,109056.9,0.7978,109146.634,1.6158
BTC/USD,2025-05-27 03:16:08.804853+00:00,109056.9,0.7978,109149.3,0.8003
BTC/USD,2025-05-27 03:16:08.805679+00:00,109056.9,0.7978,109203.4,0.79533
BTC/USD,2025-05-27 03:16:08.805714+00:00,109056.9,0.7978,109194.6,1.608
BTC/USD,2025-05-27 03:16:22.808332+00:00,108992.88,1.5915,109194.6,1.608
BTC/USD,2025-05-27 03:16:22.808941+00:00,108992.88,1.5915,109203.4,0.79533
BTC/USD,2025-05-27 03:16:22.809029+00:00,108992.88,1.5915,109128.9,0.80746
BTC/USD,2025-05-27 03:16:22.809142+00:00,108984.482,0.80677,109128.9,0.80746
BTC/USD,2025-05-27 03:16:43.903159+00:00,108983.1,1.59084,109128.9,0.80746
BTC/USD,2025-05-27 03:16:43.903484+00:00,108983.1,1.59084,109140.7,1.602
BTC/USD,2025-05-27 03:16:43.903685+00:00,108983.1,1.59084,109059.12,0.80992
BTC/USD,2025-05-27 03:16:43.903823+00:00,108920.2,0.796667,109059.12,0.80992
BTC/USD,2025-05-27 03:16:43.904133+00:00,108926.918,1.6001,109059.12,0.80992
BTC/USD,2025-05-27 03:16:53.710678+00:00,108926.918,1.6001,109116.61,1.59089
BTC/USD,2025-05-27 03:16:53.710923+00:00,108920.2,0.796667,109116.61,1.59089
BTC/USD,2025-05-27 03:16:53.710934+00:00,108993.3,0.796326,109116.61,1.59089
BTC/USD,2025-05-27 03:16:53.711034+00:00,108993.3,0.796326,109170.1,2.391
BTC/USD,2025-05-27 03:16:53.711119+00:00,108993.3,0.796326,109126.4,0.80933
BTC/USD,2025-05-27 03:17:01.897683+00:00,108951.2,1.5922,109126.4,0.80933
BTC/USD,2025-05-27 03:17:01.898089+00:00,108951.2,1.5922,109150.791,1.59188
BTC/USD,2025-05-27 03:17:01.898565+00:00,108951.2,1.5922,109100.77,0.796295
BTC/USD,2025-05-27 03:17:01.898942+00:00,108904.8,0.7966,109100.77,0.796295
BTC/USD,2025-05-27 03:17:15.421652+00:00,108904.2,1.5998,109100.77,0.796295
BTC/USD,2025-05-27 03:17:15.422246+00:00,108975.46,0.7972,109100.77,0.796295
BTC/USD,2025-05-27 03:17:15.422392+00:00,108975.46,0.7972,109115.65,1.5907
BTC/USD,2025-05-27 03:17:15.422753+00:00,108975.46,0.7972,109134.1,0.797623
BTC/USD,2025-05-27 03:17:16.522120+00:00,108935.7,1.6072,109134.1,0.797623
BTC/USD,2025-05-27 03:17:16.522210+00:00,109048.245,0.7971,109134.1,0.797623
BTC/USD,2025-05-27 03:17:16.522234+00:00,109048.245,0.7971,109193.2,1.616
BTC/USD,2025-05-27 03:17:16.524722+00:00,109048.245,0.7971,109213.2,0.809902
BTC/USD,2025-05-27 03:17:21.571576+00:00,109029.7,1.5953,109213.2,0.809902
BTC/USD,2025-05-27 03:17:21.571659+00:00,109107.16,0.802932,109213.2,0.809902
BTC/USD,2025-05-27 03:17:21.571703+00:00,109107.16,0.802932,109221.14,1.594
BTC/USD,2025-05-27 03:17:21.572563+00:00,109107.16,0.802932,109221.92,0.8037
BTC/USD,2025-05-27 03:17:23.823276+00:00,109107.16,0.802932,109258.85,1.59055
BTC/USD,2025-05-27 03:17:23.823702+00:00,109078.061,1.614,109258.85,1.59055
BTC/USD,2025-05-27 03:17:23.824277+00:00,109144.143,0.797557,109258.85,1.59055
BTC/USD,2025-05-27 03:17:23.824631+00:00,109144.143,0.797557,109270.85064000032,0.006885138
BTC/USD,2025-05-27 03:17:27.523545+00:00,109128.072,1.5989,109270.85064000032,0.006885138
BTC/USD,2025-05-27 03:17:27.523558+00:00,109235.8,0.80262,109270.85064000032,0.006885138
BTC/USD,2025-05-27 03:17:44.032873+00:00,109182.941,1.6209,109270.85064000032,0.006885138
BTC/USD,2025-05-27 03:17:44.033242+00:00,109196.02,0.796524,109270.85064000032,0.006885138
BTC/USD,2025-05-27 03:18:11.881536+00:00,109132.37,1.60235,109270.85064000032,0.006885138
BTC/USD,2025-05-27 03:18:11.881624+00:00,109065.66,2.39,109270.85064000032,0.006885138
BTC/USD,2025-05-27 03:18:11.881824+00:00,109114.0,0.7991,109270.85064000032,0.006885138
BTC/USD,2025-05-27 03:18:11.882369+00:00,109114.0,0.7991,109238.089,0.7984
BTC/USD,2025-05-27 03:18:15.879105+00:00,109114.0,0.7991,109270.85064000032,0.006885138
BTC/USD,2025-05-27 03:18:15.879229+00:00,109095.461,1.60318,109270.85064000032,0.006885138
BTC/USD,2025-05-27 03:18:15.880016+00:00,109166.43,0.80563,109270.85064000032,0.006885138
BTC/USD,2025-05-27 03:18:58.821811+00:00,109161.798,1.5998,109270.85064000032,0.006885138
BTC/USD,2025-05-27 03:18:58.823417+00:00,109161.798,1.5998,109269.06,0.800618
BTC/USD,2025-05-27 03:18:58.823498+00:00,109132.48,0.8096,109269.06,0.800618
BTC/USD,2025-05-27 03:19:18.152684+00:00,109060.33,1.6175,109269.06,0.800618
BTC/USD,2025-05-27 03:19:18.153263+00:00,109077.24,0.797,109269.06,0.800618
BTC/USD,2025-05-27 03:19:18.153498+00:00,109077.24,0.797,109270.85064000032,0.006885138
BTC/USD,2025-05-27 03:19:18.153647+00:00,109077.24,0.797,109197.9,0.8004
BTC/USD,2025-05-27 03:19:51.494769+00:00,109028.07,1.604,109197.9,0.8004
BTC/USD,2025-05-27 03:19:51.494991+00:00,109095.288,0.7953,109197.9,0.8004
BTC/USD,2025-05-27 03:19:51.495180+00:00,109095.288,0.7953,109216.6,1.598
BTC/USD,2025-05-27 03:19:51.496137+00:00,109107.908,1.6,109216.6,1.598
BTC/USD,2025-05-27 03:19:51.496357+00:00,109107.908,1.6,109270.85064000032,0.006885138
BTC/USD,2025-05-27 03:19:56.325539+00:00,109095.288,0.7953,109270.85064000032,0.006885138
BTC/USD,2025-05-27 03:19:56.325578+00:00,109175.665,0.8105,109270.85064000032,0.006885138
BTC/USD,2025-05-27 03:20:06.318640+00:00,109173.807,1.60399,109270.85064000032,0.006885138
BTC/USD,2025-05-27 03:20:06.319921+00:00,109093.7,0.8072,109270.85064000032,0.006885138
BTC/USD,2025-05-27 03:20:12.687988+00:00,109077.188,1.601,109270.85064000032,0.006885138
BTC/USD,2025-05-27 03:20:12.688869+00:00,109077.188,1.601,109213.85,0.797873
BTC/USD,2025-05-27 03:20:12.689219+00:00,109076.5,0.807073,109213.85,0.797873
BTC/USD,2025-05-27 03:20:49.211078+00:00,109040.3,1.61976,109213.85,0.797873
BTC/USD,2025-05-27 03:20:49.211394+00:00,109040.3,1.61976,109270.85064000032,0.006885138
BTC/USD,2025-05-27 03:20:49.211608+00:00,109040.3,1.61976,109185.773,0.8026
BTC/USD,2025-05-27 03:20:49.211708+00:00,108999.2,0.79646,109185.773,0.8026
BTC/USD,2025-05-27 03:20:49.212422+00:00,108999.2,0.79646,109177.49,1.6073
BTC/USD,2025-05-27 03:20:52.627522+00:00,108994.0,1.5985,109177.49,1.6073
BTC/USD,2025-05-27 03:20:52.628331+00:00,108994.0,1.5985,109185.773,0.8026
BTC/USD,2025-05-27 03:20:52.628639+00:00,108994.0,1.5985,109106.83,0.796928
BTC/USD,2025-05-27 03:20:52.629068+00:00,108973.499,0.7992,109106.83,0.796928
BTC/USD,2025-05-27 03:23:19.881326+00:00,108899.015,1.598,109106.83,0.796928
BTC/USD,2025-05-27 03:23:19.882263+00:00,108899.015,1.598,109137.19,1.61348
BTC/USD,2025-05-27 03:23:19.882476+00:00,108899.015,1.598,109069.566,0.804439
BTC/USD,2025-05-27 03:23:19.882664+00:00,108870.4,0.8004,109069.566,0.804439
BTC/USD,2025-05-27 03:33:03.502404+00:00,108865.3,1.5999,109069.566,0.804439
BTC/USD,2025-05-27 03:33:03.502603+00:00,108963.708,0.79922,109069.566,0.804439
BTC/USD,2025-05-27 03:33:03.502741+00:00,108963.708,0.79922,109113.2,1.59896
BTC/USD,2025-05-27 03:33:03.502941+00:00,108963.708,0.79922,109100.363,0.7972
BTC/USD,2025-05-27 03:34:48.209664+00:00,108927.8,1.6186,109100.363,0.7972
BTC/USD,2025-05-27 03:34:48.210662+00:00,109039.32,0.8,109100.363,0.7972
BTC/USD,2025-05-27 03:34:48.210936+00:00,109039.32,0.8,109107.4,1.60413
BTC/USD,2025-05-27 03:34:48.211309+00:00,109039.32,0.8,109165.3,0.811
BTC/USD,2025-05-27 03:35:12.104500+00:00,108953.0,1.6075,109165.3,0.811
BTC/USD,2025-05-27 03:35:12.104590+00:00,108893.2,2.387,109165.3,0.811
BTC/USD,2025-05-27 03:35:12.104882+00:00,108983.4,0.8024,109165.3,0.811
BTC/USD,2025-05-27 03:35:12.105107+00:00,108983.4,0.8024,109172.72,1.6198
BTC/USD,2025-05-27 03:35:12.105244+00:00,108983.4,0.8024,109114.5,0.80844
BTC/USD,2025-05-27 03:35:12.105947+00:00,108983.4,0.8024,109101.14,1.6
BTC/USD,2025-05-27 03:40:41.948150+00:00,108983.4,0.8024,109101.14,1.599557436
BTC/USD,2025-05-27 03:40:42.210633+00:00,108928.05,1.59353,109101.14,1.599557436
BTC/USD,2025-05-27 03:40:42.210888+00:00,108951.9,0.80191,109101.14,1.599557436
BTC/USD,2025-05-27 03:40:42.211058+00:00,108951.9,0.80191,109114.5,0.80844
BTC/USD,2025-05-27 03:40:42.211126+00:00,108951.9,0.80191,109091.42,0.803025
BTC/USD,2025-05-27 03:40:53.803979+00:00,108891.061,1.60742,109091.42,0.803025
BTC/USD,2025-05-27 03:40:53.804060+00:00,108891.061,1.60742,109094.42,1.608
BTC/USD,2025-05-27 03:40:53.804357+00:00,108891.061,1.60742,109042.9,0.801743
BTC/USD,2025-05-27 03:40:53.804466+00:00,108867.17,0.7967,109042.9,0.801743
BTC/USD,2025-05-27 03:43:29.872607+00:00,108843.142,1.61155,109042.9,0.801743
BTC/USD,2025-05-27 03:43:29.873333+00:00,108946.96,0.7978,109042.9,0.801743
BTC/USD,2025-05-27 03:43:29.873616+00:00,108946.96,0.7978,109060.678,1.60312
BTC/USD,2025-05-27 03:43:29.874078+00:00,108946.96,0.7978,109086.92,0.801815
BTC/USD,2025-05-27 03:44:00.883366+00:00,108902.88,1.6078,109086.92,0.801815
BTC/USD,2025-05-27 03:44:00.883509+00:00,109023.3,0.79656,109086.92,0.801815
BTC/USD,2025-05-27 03:44:00.883698+00:00,109023.3,0.79656,109111.1,1.592
BTC/USD,2025-05-27 03:44:00.884091+00:00,109023.3,0.79656,109152.288,0.810437
BTC/USD,2025-05-27 03:44:31.407946+00:00,108968.92,1.6144,109152.288,0.810437
BTC/USD,2025-05-27 03:44:31.408402+00:00,108867.801,2.409,109152.288,0.810437
BTC/USD,2025-05-27 03:44:31.408656+00:00,108934.119,0.802918,109152.288,0.810437
BTC/USD,2025-05-27 03:44:31.409043+00:00,108934.119,0.802918,109185.8,1.606
BTC/USD,2025-05-27 03:44:31.409393+00:00,108934.119,0.802918,109057.82,0.80361
BTC/USD,2025-05-27 03:46:39.708107+00:00,108917.78,1.60927,109057.82,0.80361
BTC/USD,2025-05-27 03:46:39.709231+00:00,108917.78,1.60927,109096.01,1.60827
BTC/USD,2025-05-27 03:46:39.709392+00:00,108917.78,1.60927,109023.5,0.80162
BTC/USD,2025-05-27 03:46:39.709401+00:00,108894.7,0.808731,109023.5,0.80162
BTC/USD,2025-05-27 03:50:08.113261+00:00,108850.249,1.62175,109023.5,0.80162
BTC/USD,2025-05-27 03:50:08.113444+00:00,108951.8,0.7998,109023.5,0.80162
BTC/USD,2025-05-27 03:50:08.113877+00:00,108951.8,0.7998,109081.2,1.5919
BTC/USD,2025-05-27 03:50:08.113993+00:00,108951.8,0.7998,109075.94,0.80045
BTC/USD,2025-05-27 03:52:54.853810+00:00,108916.8,1.61576,109075.94,0.80045
BTC/USD,2025-05-27 03:52:54.854528+00:00,108916.8,1.61576,109096.42,1.60956
BTC/USD,2025-05-27 03:52:54.854811+00:00,108916.8,1.61576,109012.8,0.80953
BTC/USD,2025-05-27 03:52:54.855147+00:00,108857.23,0.803,109012.8,0.80953
BTC/USD,2025-05-27 03:52:54.855180+00:00,108873.93,1.5949,109012.8,0.80953
BTC/USD,2025-05-27 03:53:53.041057+00:00,108873.93,1.5949,109012.8,0.808112646
BTC/USD,2025-05-27 03:53:53.366328+00:00,108857.23,0.803,109012.8,0.808112646
BTC/USD,2025-05-27 03:53:53.366496+00:00,108877.4,0.8051,109012.8,0.808112646
BTC/USD,2025-05-27 03:53:53.366551+00:00,108877.4,0.8051,109044.34,1.6032
BTC/USD,2025-05-27 03:53:53.366617+00:00,108877.4,0.8051,109009.512,0.7993
BTC/USD,2025-05-27 03:56:26.174950+00:00,108877.4,0.8051,109009.512,0.7893
BTC/USD,2025-05-27 03:56:26.502905+00:00,108875.412,1.6167,109009.512,0.7893
BTC/USD,2025-05-27 03:56:26.503131+00:00,108911.78,0.80514,109009.512,0.7893
BTC/USD,2025-05-27 03:56:26.503182+00:00,108911.78,0.80514,109042.11,1.603
BTC/USD,2025-05-27 03:56:26.503577+00:00,108911.78,0.80514,109051.44,0.798451
BTC/USD,2025-05-27 03:57:55.532341+00:00,108911.78,0.80514,109051.44,0.798292136
BTC/USD,2025-05-27 03:57:55.837958+00:00,108866.925,1.592,109051.44,0.798292136
BTC/USD,2025-05-27 03:57:55.838587+00:00,108866.925,1.592,109078.661,1.604
BTC/USD,2025-05-27 03:57:55.838741+00:00,108866.925,1.592,108994.739,0.796642
BTC/USD,2025-05-27 03:57:55.839026+00:00,108864.45,0.79637,108994.739,0.796642
BTC/USD,2025-05-27 03:58:33.307156+00:00,108836.5,1.62032,108994.739,0.796642
BTC/USD,2025-05-27 03:58:33.307844+00:00,108848.2,0.799713,108994.739,0.796642
BTC/USD,2025-05-27 03:58:33.307899+00:00,108848.2,0.799713,109082.54,1.607
BTC/USD,2025-05-27 03:58:33.307909+00:00,108848.2,0.799713,108932.381,0.806458
BTC/USD,2025-05-27 03:59:00.210267+00:00,108848.2,0.799713,108976.1,1.612
BTC/USD,2025-05-27 03:59:00.210612+00:00,108766.74,1.592,108976.1,1.612
BTC/USD,2025-05-27 03:59:00.211186+00:00,108874.62,0.8079,108976.1,1.612
BTC/USD,2025-05-27 03:59:00.211410+00:00,108874.62,0.8079,109077.68,2.428
BTC/USD,2025-05-27 03:59:00.211584+00:00,108874.62,0.8079,108997.2,0.8079
BTC/USD,2025-05-27 03:59:40.759405+00:00,108874.62,0.807850125,108997.2,0.8079
BTC/USD,2025-05-27 03:59:41.118315+00:00,108864.411,1.6187,108997.2,0.8079
BTC/USD,2025-05-27 03:59:41.118418+00:00,108903.19,0.8051,108997.2,0.8079
BTC/USD,2025-05-27 03:59:41.119155+00:00,108903.19,0.8051,109035.03,1.59349
BTC/USD,2025-05-27 03:59:41.119331+00:00,108903.19,0.8051,108991.3,0.7969
BTC/USD,2025-05-27 04:02:30.209285+00:00,108903.19,0.8051,109069.488,1.5988
BTC/USD,2025-05-27 04:02:30.209541+00:00,108841.37,1.60809,109069.488,1.5988
BTC/USD,2025-05-27 04:02:30.209735+00:00,108927.2,0.8063,109069.488,1.5988
BTC/USD,2025-05-27 04:02:30.210046+00:00,108927.2,0.8063,109095.966,2.387
BTC/USD,2025-05-27 04:02:30.210309+00:00,108927.2,0.8063,109051.889,0.808
BTC/USD,2025-05-27 04:04:35.917853+00:00,108879.3,1.59372,109051.889,0.808
BTC/USD,2025-05-27 04:04:35.918641+00:00,108879.3,1.59372,109119.88,1.6155
BTC/USD,2025-05-27 04:04:35.919083+00:00,108879.3,1.59372,108999.73,0.80285
BTC/USD,2025-05-27 04:04:35.919432+00:00,108845.352,2.42657,108999.73,0.80285
BTC/USD,2025-05-27 04:04:35.919465+00:00,108864.5,1.5938,108999.73,0.80285
BTC/USD,2025-05-27 04:06:46.211431+00:00,108843.1,0.8038,108999.73,0.80285
BTC/USD,2025-05-27 04:06:46.211567+00:00,108912.587,0.80613,108999.73,0.80285
BTC/USD,2025-05-27 04:06:46.212022+00:00,108912.587,0.80613,109070.94,1.62
BTC/USD,2025-05-27 04:06:46.212033+00:00,108912.587,0.80613,109046.87,0.8027
BTC/USD,2025-05-27 04:06:56.274186+00:00,108912.587,0.80613,109129.323,1.5957
BTC/USD,2025-05-27 04:06:56.274527+00:00,108900.129,1.605,109129.323,1.5957
BTC/USD,2025-05-27 04:06:56.274873+00:00,108958.7,0.8106,109129.323,1.5957
BTC/USD,2025-05-27 04:06:56.275200+00:00,108958.7,0.8106,109164.041,2.42039
BTC/USD,2025-05-27 04:06:56.275334+00:00,108958.7,0.8106,109136.94,0.79917
BTC/USD,2025-05-27 04:07:33.220614+00:00,108922.47,1.606,109136.94,0.79917
BTC/USD,2025-05-27 04:07:33.220854+00:00,109038.22,0.8003,109136.94,0.79917
BTC/USD,2025-05-27 04:07:33.221062+00:00,109038.22,0.8003,109182.118,1.607
BTC/USD,2025-05-27 04:07:33.221298+00:00,109038.22,0.8003,109150.0,0.79793
BTC/USD,2025-05-27 04:07:38.286772+00:00,109038.22,0.795600758,109150.0,0.79793
BTC/USD,2025-05-27 04:07:38.486818+00:00,109028.6,1.60821,109150.0,0.79793
BTC/USD,2025-05-27 04:07:38.487100+00:00,109058.486,0.798554,109150.0,0.79793
BTC/USD,2025-05-27 04:07:38.487378+00:00,109058.486,0.798554,109237.1,1.59856
BTC/USD,2025-05-27 04:07:38.487510+00:00,109058.486,0.798554,109185.434,0.79733
BTC/USD,2025-05-27 04:08:16.274067+00:00,108998.108,1.601,109185.434,0.79733
BTC/USD,2025-05-27 04:08:16.274228+00:00,108927.563,2.4286,109185.434,0.79733
BTC/USD,2025-05-27 04:08:16.274593+00:00,108957.758,0.8005,109185.434,0.79733
BTC/USD,2025-05-27 04:08:16.274659+00:00,108957.758,0.8005,109236.24,1.6174
BTC/USD,2025-05-27 04:08:16.274845+00:00,108957.758,0.8005,109100.719,0.795694
BTC/USD,2025-05-27 04:08:39.804129+00:00,108925.8,1.59146,109100.719,0.795694
BTC/USD,2025-05-27 04:08:39.804567+00:00,108925.8,1.59146,109168.8,1.596
BTC/USD,2025-05-27 04:08:39.804686+00:00,108925.8,1.59146,109050.6,0.7986
BTC/USD,2025-05-27 04:08:39.804957+00:00,108899.55,0.8107,109050.6,0.7986
BTC/USD,2025-05-27 04:08:39.805287+00:00,108914.096,1.6202,109050.6,0.7986
BTC/USD,2025-05-27 04:10:26.203123+00:00,108914.096,1.6202,109095.9,1.598
BTC/USD,2025-05-27 04:10:26.203174+00:00,108899.55,0.8107,109095.9,1.598
BTC/USD,2025-05-27 04:10:26.203320+00:00,108979.3,0.801242,109095.9,1.598
BTC/USD,2025-05-27 04:10:26.203685+00:00,108979.3,0.801242,109171.516,2.41484
BTC/USD,2025-05-27 04:10:26.203886+00:00,108979.3,0.801242,109092.35,0.80316
BTC/USD,2025-05-27 04:14:09.142058+00:00,108945.116,1.6027,109092.35,0.80316
BTC/USD,2025-05-27 04:14:09.142374+00:00,108945.116,1.6027,109182.894,1.61352
BTC/USD,2025-05-27 04:14:09.142540+00:00,108945.116,1.6027,109043.33,0.8035
BTC/USD,2025-05-27 04:14:09.142693+00:00,108915.7,0.79998,109043.33,0.8035
BTC/USD,2025-05-27 04:14:09.142883+00:00,108919.658,1.591,109043.33,0.8035
BTC/USD,2025-05-27 04:16:57.237143+00:00,108915.7,0.79998,109043.33,0.8035
BTC/USD,2025-05-27 04:16:57.237468+00:00,108924.53,0.80269,109043.33,0.8035
BTC/USD,2025-05-27 04:16:57.237920+00:00,108924.53,0.80269,109112.7,1.605
BTC/USD,2025-05-27 04:16:57.238132+00:00,108924.53,0.80269,109065.495,0.79576
BTC/USD,2025-05-27 04:17:01.128705+00:00,108848.174,1.5965,109065.495,0.79576
BTC/USD,2025-05-27 04:17:01.128810+00:00,108896.32,0.8088,109065.495,0.79576
BTC/USD,2025-05-27 04:17:01.128975+00:00,108896.32,0.8088,109106.204,1.6204
BTC/USD,2025-05-27 04:17:01.129631+00:00,108896.32,0.8088,109011.4,0.8101
BTC/USD,2025-05-27 04:17:05.776635+00:00,108837.99,1.59258,109011.4,0.8101
BTC/USD,2025-05-27 04:17:05.776737+00:00,108898.89,0.7963,109011.4,0.8101
BTC/USD,2025-05-27 04:17:05.776818+00:00,108898.89,0.7963,109058.827,1.59329
BTC/USD,2025-05-27 04:17:05.777194+00:00,108898.89,0.7963,109055.76,0.806283
BTC/USD,2025-05-27 04:18:21.480857+00:00,108837.973,1.593,109055.76,0.806283
BTC/USD,2025-05-27 04:18:21.481424+00:00,108978.3,0.8061,109055.76,0.806283
BTC/USD,2025-05-27 04:18:21.481528+00:00,108978.3,0.8061,109076.97,1.59892
BTC/USD,2025-05-27 04:18:21.482241+00:00,108978.3,0.8061,109100.2,0.7981
BTC/USD,2025-05-27 04:22:10.317334+00:00,108920.5,1.617,109100.2,0.7981
BTC/USD,2025-05-27 04:22:10.317408+00:00,108978.88,0.7957,109100.2,0.7981
BTC/USD,2025-05-27 04:22:10.317799+00:00,108978.88,0.7957,109139.2,1.62025
BTC/USD,2025-05-27 04:22:10.318084+00:00,108978.88,0.7957,109121.05,0.8007
BTC/USD,2025-05-27 04:22:34.314359+00:00,108978.88,0.7957,109217.532,1.61324
BTC/USD,2025-05-27 04:22:34.314471+00:00,108950.399,1.6031,109217.532,1.61324
BTC/USD,2025-05-27 04:22:34.314604+00:00,109066.738,0.8023,109217.532,1.61324
BTC/USD,2025-05-27 04:22:34.314739+00:00,109066.738,0.8023,109238.2,2.4297
BTC/USD,2025-05-27 04:22:34.314876+00:00,109066.738,0.8023,109185.425,0.80356
BTC/USD,2025-05-27 04:28:38.424673+00:00,109048.04,1.60561,109185.425,0.80356
BTC/USD,2025-05-27 04:28:38.424903+00:00,109048.04,1.60561,109241.1,1.59051
BTC/USD,2025-05-27 04:28:38.424909+00:00,109048.04,1.60561,109177.3,0.801511
BTC/USD,2025-05-27 04:28:38.425032+00:00,108981.57,0.796,109177.3,0.801511
BTC/USD,2025-05-27 04:34:15.673372+00:00,108942.88,1.5929,109177.3,0.801511
BTC/USD,2025-05-27 04:34:15.673704+00:00,109092.173,0.81096,109177.3,0.801511
BTC/USD,2025-05-27 04:34:15.673883+00:00,109092.173,0.81096,109179.8,1.609
BTC/USD,2025-05-27 04:34:15.674982+00:00,109092.173,0.81096,109220.4,0.81008
BTC/USD,2025-05-27 04:35:48.088731+00:00,109012.31,1.6,109220.4,0.81008
BTC/USD,2025-05-27 04:35:48.089509+00:00,109115.28,0.795383,109220.4,0.81008
BTC/USD,2025-05-27 04:35:48.089520+00:00,109115.28,0.795383,109226.181,1.61807
BTC/USD,2025-05-27 04:35:48.090591+00:00,109115.28,0.795383,109270.85064000032,0.006885138
BTC/USD,2025-05-27 04:39:33.674174+00:00,109112.6,1.6103,109270.85064000032,0.006885138
BTC/USD,2025-05-27 04:39:33.675036+00:00,109112.6,1.6103,109214.9,0.79611
BTC/USD,2025-05-27 04:39:33.675112+00:00,109094.9,0.80696,109214.9,0.79611
BTC/USD,2025-05-27 04:39:33.675531+00:00,109094.9,0.80696,109211.3,1.591
BTC/USD,2025-05-27 04:40:35.201464+00:00,109022.47,1.596,109211.3,1.591
BTC/USD,2025-05-27 04:40:35.201677+00:00,109110.9,0.80937,109211.3,1.591
BTC/USD,2025-05-27 04:40:35.201959+00:00,109110.9,0.80937,109214.9,0.79611
BTC/USD,2025-05-27 04:40:35.202504+00:00,109110.9,0.80937,109267.56,0.79587
BTC/USD,2025-05-27 04:40:35.202568+00:00,109110.9,0.80937,109265.808,1.61072
BTC/USD,2025-05-27 04:40:46.008711+00:00,109074.8,1.607,109265.808,1.61072
BTC/USD,2025-05-27 04:40:46.008740+00:00,109195.5,0.8035,109265.808,1.61072
BTC/USD,2025-05-27 04:40:46.008868+00:00,109195.5,0.8035,109267.56,0.79587
BTC/USD,2025-05-27 04:40:46.009338+00:00,109195.5,0.8035,109270.85064000032,0.006885138
BTC/USD,2025-05-27 04:40:48.275556+00:00,109195.5,0.8035,109331.6,0.80754
BTC/USD,2025-05-27 04:40:48.275573+00:00,109195.5,0.8035,109331.6,0.75127353
BTC/USD,2025-05-27 04:40:48.502928+00:00,109150.2,1.6165,109331.6,0.75127353
BTC/USD,2025-05-27 04:40:48.502954+00:00,109180.75,0.80121,109331.6,0.75127353
BTC/USD,2025-05-27 04:40:48.502978+00:00,109180.75,0.80121,109366.51,1.622
BTC/USD,2025-05-27 04:40:48.503011+00:00,109180.75,0.80121,109298.96,0.80859
BTC/USD,2025-05-27 04:42:02.098099+00:00,109151.75,1.61873,109298.96,0.80859
BTC/USD,2025-05-27 04:42:02.098746+00:00,109151.75,1.61873,109375.952,1.6185
BTC/USD,2025-05-27 04:42:02.099116+00:00,109151.75,1.61873,109253.297,0.806274
BTC/USD,2025-05-27 04:42:02.099397+00:00,109100.4,0.81027,109253.297,0.806274
BTC/USD,2025-05-27 04:46:59.899975+00:00,109096.597,1.6133,109253.297,0.806274
BTC/USD,2025-05-27 04:46:59.900660+00:00,109177.58,0.8005,109253.297,0.806274
BTC/USD,2025-05-27 04:46:59.900839+00:00,109177.58,0.8005,109318.9,1.5962
BTC/USD,2025-05-27 04:46:59.900895+00:00,109177.58,0.8005,109305.669,0.8049
BTC/USD,2025-05-27 04:47:26.304839+00:00,109117.339,1.603,109305.669,0.8049
BTC/USD,2025-05-27 04:47:26.304916+00:00,109217.81,0.801227,109305.669,0.8049
BTC/USD,2025-05-27 04:47:26.305000+00:00,109217.81,0.801227,109335.161,1.603
BTC/USD,2025-05-27 04:47:26.305415+00:00,109217.81,0.801227,109383.18,0.79733
BTC/USD,2025-05-27 04:48:41.904785+00:00,109217.81,0.801227,109383.18,0.753187644
BTC/USD,2025-05-27 04:48:42.165315+00:00,109162.86,1.612,109383.18,0.753187644
BTC/USD,2025-05-27 04:48:42.165675+00:00,109204.29,0.80789,109383.18,0.753187644
BTC/USD,2025-05-27 04:48:42.165907+00:00,109204.29,0.80789,109395.1,1.6165
BTC/USD,2025-05-27 04:48:42.165988+00:00,109204.29,0.80789,109343.88,0.80894
BTC/USD,2025-05-27 04:48:56.110319+00:00,109177.4,1.616,109343.88,0.80894
BTC/USD,2025-05-27 04:48:56.110352+00:00,109285.9,0.805342,109343.88,0.80894
BTC/USD,2025-05-27 04:48:56.110558+00:00,109285.9,0.805342,109363.4,1.59264
BTC/USD,2025-05-27 04:48:56.111874+00:00,109285.9,0.805342,109381.7,0.81103
BTC/USD,2025-05-27 04:49:00.209102+00:00,109285.9,0.805342,109455.31,1.61565
BTC/USD,2025-05-27 04:49:00.209523+00:00,109228.4,1.601,109455.31,1.61565
BTC/USD,2025-05-27 04:49:00.210014+00:00,109329.3,0.79781,109455.31,1.61565
BTC/USD,2025-05-27 04:49:00.210255+00:00,109329.3,0.79781,109479.609,2.40952
BTC/USD,2025-05-27 04:49:00.210537+00:00,109329.3,0.79781,109424.6,0.801769
BTC/USD,2025-05-27 04:49:08.672287+00:00,109274.607,1.617,109424.6,0.801769
BTC/USD,2025-05-27 04:49:08.672898+00:00,109182.5,2.4268,109424.6,0.801769
BTC/USD,2025-05-27 04:49:08.673279+00:00,109267.22,0.79776,109424.6,0.801769
BTC/USD,2025-05-27 04:49:08.673573+00:00,109267.22,0.79776,109480.37,1.608
BTC/USD,2025-05-27 04:49:08.673724+00:00,109267.22,0.79776,109384.807,0.80638
BTC/USD,2025-05-27 04:51:55.708312+00:00,109249.7,1.5963,109384.807,0.80638
BTC/USD,2025-05-27 04:51:55.709052+00:00,109249.7,1.5963,109452.1,1.622
BTC/USD,2025-05-27 04:51:55.709241+00:00,109249.7,1.5963,109327.5,0.810271
BTC/USD,2025-05-27 04:51:55.709312+00:00,109178.2,0.7976,109327.5,0.810271
BTC/USD,2025-05-27 04:52:19.325549+00:00,109160.0,1.60607,109327.5,0.810271
BTC/USD,2025-05-27 04:52:19.325651+00:00,109160.0,1.60607,109373.47,1.59313
BTC/USD,2025-05-27 04:52:19.325690+00:00,109160.0,1.60607,109291.34,0.809079
BTC/USD,2025-05-27 04:52:19.325766+00:00,109151.182,0.807535,109291.34,0.809079
BTC/USD,2025-05-27 04:54:27.913306+00:00,109084.6,1.608,109291.34,0.809079
BTC/USD,2025-05-27 04:54:27.913434+00:00,109103.46,0.8019,109291.34,0.809079
BTC/USD,2025-05-27 04:54:27.913747+00:00,109103.46,0.8019,109346.9,1.6032
BTC/USD,2025-05-27 04:54:27.913813+00:00,109103.46,0.8019,109230.553,0.804327
BTC/USD,2025-05-27 04:55:12.078879+00:00,109042.63,1.598,109230.553,0.804327
BTC/USD,2025-05-27 04:55:12.079173+00:00,108974.67,2.3976,109230.553,0.804327
BTC/USD,2025-05-27 04:55:12.079185+00:00,108993.0,0.80494,109230.553,0.804327
BTC/USD,2025-05-27 04:55:12.079651+00:00,108993.0,0.80494,109264.46,1.6206
BTC/USD,2025-05-27 04:55:12.079852+00:00,108993.0,0.80494,109146.446,0.807
BTC/USD,2025-05-27 04:55:12.699136+00:00,108978.238,1.6032,109146.446,0.807
BTC/USD,2025-05-27 04:55:12.699598+00:00,108978.238,1.6032,109181.266,1.6031
BTC/USD,2025-05-27 04:55:12.700306+00:00,108978.238,1.6032,109138.09,0.7988
BTC/USD,2025-05-27 04:55:12.700680+00:00,108946.999,2.42167,109138.09,0.7988
BTC/USD,2025-05-27 04:55:12.700749+00:00,108967.014,1.6109,109138.09,0.7988
BTC/USD,2025-05-27 04:56:50.806133+00:00,108937.448,0.79514,109138.09,0.7988
BTC/USD,2025-05-27 04:56:50.806390+00:00,108937.448,0.79514,109150.1,1.598
BTC/USD,2025-05-27 04:56:50.806497+00:00,108937.448,0.79514,109038.3,0.79579
BTC/USD,2025-05-27 04:56:50.806542+00:00,108903.9,0.80037,109038.3,0.79579
BTC/USD,2025-05-27 04:59:50.851015+00:00,108850.15,1.607,109038.3,0.79579
BTC/USD,2025-05-27 04:59:50.851623+00:00,108892.3,0.808776,109038.3,0.79579
BTC/USD,2025-05-27 04:59:50.851687+00:00,108892.3,0.808776,109113.13,1.60661
BTC/USD,2025-05-27 04:59:50.851744+00:00,108892.3,0.808776,109043.889,0.797241
BTC/USD,2025-05-27 04:59:50.851879+00:00,108913.6,1.6171,109043.889,0.797241
BTC/USD,2025-05-27 05:00:13.632543+00:00,108892.3,0.808776,109043.889,0.797241
BTC/USD,2025-05-27 05:00:13.632619+00:00,108901.053,0.80829,109043.889,0.797241
BTC/USD,2025-05-27 05:00:13.632778+00:00,108901.053,0.80829,109104.005,1.6069
BTC/USD,2025-05-27 05:00:13.632909+00:00,108901.053,0.80829,109052.62,0.7993
BTC/USD,2025-05-27 05:03:35.690352+00:00,108866.6,1.591,109052.62,0.7993
BTC/USD,2025-05-27 05:03:35.690811+00:00,108866.6,1.591,109075.7,1.612
BTC/USD,2025-05-27 05:03:35.691020+00:00,108866.6,1.591,109023.912,0.796777
BTC/USD,2025-05-27 05:03:35.691301+00:00,108864.65,0.799718,109023.912,0.796777
BTC/USD,2025-05-27 05:05:46.625458+00:00,108860.65,1.62,109023.912,0.796777
BTC/USD,2025-05-27 05:05:46.626944+00:00,108860.65,1.62,109063.1,1.61317
BTC/USD,2025-05-27 05:05:46.627089+00:00,108860.65,1.62,108928.288,0.8033
BTC/USD,2025-05-27 05:05:46.627230+00:00,108798.6,0.80322,108928.288,0.8033
BTC/USD,2025-05-27 05:05:46.627240+00:00,108805.8,1.5926,108928.288,0.8033
BTC/USD,2025-05-27 05:07:13.417519+00:00,108805.8,1.5926,109008.5,1.614
BTC/USD,2025-05-27 05:07:13.418156+00:00,108798.6,0.80322,109008.5,1.614
BTC/USD,2025-05-27 05:07:13.418392+00:00,108841.1,0.806404,109008.5,1.614
BTC/USD,2025-05-27 05:07:13.418844+00:00,108841.1,0.806404,109056.3,2.40164
BTC/USD,2025-05-27 05:07:13.419107+00:00,108841.1,0.806404,108992.2,0.8022
BTC/USD,2025-05-27 05:07:48.312896+00:00,108841.1,0.806404,109042.221,1.5995
BTC/USD,2025-05-27 05:07:48.313480+00:00,108830.42,1.606,109042.221,1.5995
BTC/USD,2025-05-27 05:07:48.314056+00:00,108903.238,0.804504,109042.221,1.5995
BTC/USD,2025-05-27 05:07:48.314137+00:00,108903.238,0.804504,109099.32,2.41874
BTC/USD,2025-05-27 05:07:48.314285+00:00,108903.238,0.804504,109040.2,0.8062
BTC/USD,2025-05-27 05:08:07.322448+00:00,108888.0,1.60281,109040.2,0.8062
BTC/USD,2025-05-27 05:08:07.322598+00:00,108888.0,1.60281,109117.12,1.598
BTC/USD,2025-05-27 05:08:07.322695+00:00,108888.0,1.60281,109032.76,0.80485
BTC/USD,2025-05-27 05:08:07.322830+00:00,108843.1,0.80965,109032.76,0.80485
BTC/USD,2025-05-27 05:08:07.323098+00:00,108843.1,0.80965,109016.34,1.60702
BTC/USD,2025-05-27 05:10:06.807660+00:00,108803.322,1.60184,109016.34,1.60702
BTC/USD,2025-05-27 05:10:06.808504+00:00,108803.322,1.60184,109032.76,0.80485
BTC/USD,2025-05-27 05:10:06.808767+00:00,108803.322,1.60184,108956.6,0.802447
BTC/USD,2025-05-27 05:10:06.808875+00:00,108793.038,0.7955,108956.6,0.802447
BTC/USD,2025-05-27 05:10:30.085291+00:00,108748.151,1.61209,108956.6,0.802447
BTC/USD,2025-05-27 05:10:30.085543+00:00,108848.23,0.81049,108956.6,0.802447
BTC/USD,2025-05-27 05:10:30.085617+00:00,108848.23,0.81049,109002.25,1.6009
BTC/USD,2025-05-27 05:10:30.086480+00:00,108848.23,0.81049,109041.88,0.8085
BTC/USD,2025-05-27 05:10:30.086541+00:00,108848.23,0.81049,109017.626,1.60694
BTC/USD,2025-05-27 05:11:28.809772+00:00,108813.493,1.613,109017.626,1.60694
BTC/USD,2025-05-27 05:11:28.809962+00:00,108813.493,1.613,109041.88,0.8085
BTC/USD,2025-05-27 05:11:28.810109+00:00,108813.493,1.613,108949.69,0.81028
BTC/USD,2025-05-27 05:11:28.810222+00:00,108811.1,0.8054,108949.69,0.81028
BTC/USD,2025-05-27 05:14:33.028730+00:00,108744.776,1.619,108949.69,0.81028
BTC/USD,2025-05-27 05:14:33.028942+00:00,108841.712,0.797,108949.69,0.81028
BTC/USD,2025-05-27 05:14:33.029104+00:00,108841.712,0.797,108995.86,1.592
BTC/USD,2025-05-27 05:14:33.029201+00:00,108841.712,0.797,108981.8,0.804236
BTC/USD,2025-05-27 05:15:23.906393+00:00,108813.8,1.615,108981.8,0.804236
BTC/USD,2025-05-27 05:15:23.907239+00:00,108814.474,0.79666,108981.8,0.804236
BTC/USD,2025-05-27 05:15:23.907250+00:00,108814.474,0.79666,109059.0,1.615
BTC/USD,2025-05-27 05:15:23.907528+00:00,108814.474,0.79666,108962.6,0.8045
BTC/USD,2025-05-27 05:16:20.489625+00:00,108778.354,1.5937,108962.6,0.8045
BTC/USD,2025-05-27 05:16:20.490680+00:00,108778.354,1.5937,108976.72,1.60104
BTC/USD,2025-05-27 05:16:20.490850+00:00,108778.354,1.5937,108873.68,0.7981
BTC/USD,2025-05-27 05:16:20.490900+00:00,108772.7,0.80874,108873.68,0.7981
BTC/USD,2025-05-27 05:16:56.077464+00:00,108713.7,1.592,108873.68,0.7981
BTC/USD,2025-05-27 05:16:56.077492+00:00,108639.522,2.3931,108873.68,0.7981
BTC/USD,2025-05-27 05:16:56.077645+00:00,108685.11,0.805408,108873.68,0.7981
BTC/USD,2025-05-27 05:16:56.077660+00:00,108685.11,0.805408,108944.264,1.608
BTC/USD,2025-05-27 05:16:56.077670+00:00,108685.11,0.805408,108814.57,0.79934
BTC/USD,2025-05-27 05:17:13.300825+00:00,108673.879,1.619,108814.57,0.79934
BTC/USD,2025-05-27 05:17:13.301380+00:00,108673.879,1.619,108880.97,1.612
BTC/USD,2025-05-27 05:17:13.301522+00:00,108673.879,1.619,108794.4,0.80091
BTC/USD,2025-05-27 05:17:13.301602+00:00,108635.8,0.797728,108794.4,0.80091
BTC/USD,2025-05-27 05:17:22.201271+00:00,108579.336,1.6106,108794.4,0.80091
BTC/USD,2025-05-27 05:17:22.201746+00:00,108591.827,0.80767,108794.4,0.80091
BTC/USD,2025-05-27 05:17:22.202359+00:00,108591.827,0.80767,108850.7,1.5935
BTC/USD,2025-05-27 05:17:22.202493+00:00,108591.827,0.80767,108749.251,0.808162
BTC/USD,2025-05-27 05:18:53.687302+00:00,108535.26,1.60559,108749.251,0.808162
BTC/USD,2025-05-27 05:18:53.687818+00:00,108675.233,0.79855,108749.251,0.808162
BTC/USD,2025-05-27 05:18:53.688306+00:00,108675.233,0.79855,108775.196,1.6042
BTC/USD,2025-05-27 05:18:53.689313+00:00,108675.233,0.79855,108790.214,0.8015
BTC/USD,2025-05-27 05:19:58.678055+00:00,108586.4,1.60993,108790.214,0.8015
BTC/USD,2025-05-27 05:19:58.678622+00:00,108535.39,2.42707,108790.214,0.8015
BTC/USD,2025-05-27 05:19:58.678909+00:00,108593.3,0.79759,108790.214,0.8015
BTC/USD,2025-05-27 05:19:58.678985+00:00,108593.3,0.79759,108831.43,1.591
BTC/USD,2025-05-27 05:19:58.679215+00:00,108593.3,0.79759,108760.6,0.7996
BTC/USD,2025-05-27 05:19:58.679520+00:00,108593.3,0.79759,108741.79,1.6043
BTC/USD,2025-05-27 05:20:21.070893+00:00,108542.76,1.6126,108741.79,1.6043
BTC/USD,2025-05-27 05:20:21.070913+00:00,108621.421,0.80165,108741.79,1.6043
BTC/USD,2025-05-27 05:20:21.071151+00:00,108621.421,0.80165,108760.6,0.7996
BTC/USD,2025-05-27 05:20:21.071654+00:00,108621.421,0.80165,108807.5,0.8055
BTC/USD,2025-05-27 05:21:17.105782+00:00,108605.2,1.618,108807.5,0.8055
BTC/USD,2025-05-27 05:21:17.105879+00:00,108668.434,0.8065,108807.5,0.8055
BTC/USD,2025-05-27 05:21:17.106149+00:00,108668.434,0.8065,108834.73,1.61956
BTC/USD,2025-05-27 05:21:17.107434+00:00,108668.434,0.8065,108847.72,0.803609
BTC/USD,2025-05-27 05:22:02.691685+00:00,108641.66,1.5993,108847.72,0.803609
BTC/USD,2025-05-27 05:22:02.692443+00:00,108641.66,1.5993,108886.46,1.5921
BTC/USD,2025-05-27 05:22:02.692572+00:00,108641.66,1.5993,108773.28,0.79945
BTC/USD,2025-05-27 05:22:02.692697+00:00,108619.33,0.7957,108773.28,0.79945
BTC/USD,2025-05-27 05:22:02.692853+00:00,108627.3,1.612,108773.28,0.79945
BTC/USD,2025-05-27 05:27:53.316841+00:00,108619.33,0.7957,108773.28,0.79945
BTC/USD,2025-05-27 05:27:53.317875+00:00,108619.33,0.7957,108821.337,1.6146
BTC/USD,2025-05-27 05:27:53.318322+00:00,108619.33,0.7957,108701.8,0.804479
BTC/USD,2025-05-27 05:27:53.318413+00:00,108587.543,0.8069,108701.8,0.804479
BTC/USD,2025-05-27 05:28:05.678308+00:00,108576.9,1.59628,108701.8,0.804479
BTC/USD,2025-05-27 05:28:05.678822+00:00,108576.9,1.59628,108735.66,1.604
BTC/USD,2025-05-27 05:28:05.679180+00:00,108576.9,1.59628,108666.63,0.7975
BTC/USD,2025-05-27 05:28:05.679392+00:00,108548.17,0.809788,108666.63,0.7975
BTC/USD,2025-05-27 05:28:09.528733+00:00,108478.38,1.59595,108666.63,0.7975
BTC/USD,2025-05-27 05:28:09.528872+00:00,108571.75,0.809817,108666.63,0.7975
BTC/USD,2025-05-27 05:28:09.528939+00:00,108571.75,0.809817,108681.84,1.6065
BTC/USD,2025-05-27 05:28:09.529675+00:00,108571.75,0.809817,108708.7,0.79654
BTC/USD,2025-05-27 05:28:50.702482+00:00,108543.7,1.61942,108708.7,0.79654
BTC/USD,2025-05-27 05:28:50.703015+00:00,108653.37,0.801473,108708.7,0.79654
BTC/USD,2025-05-27 05:28:50.703263+00:00,108653.37,0.801473,108782.2,1.61072
BTC/USD,2025-05-27 05:28:50.703705+00:00,108653.37,0.801473,108786.2,0.800272
BTC/USD,2025-05-27 05:32:01.090735+00:00,108578.26,1.61,108786.2,0.800272
BTC/USD,2025-05-27 05:32:01.091442+00:00,108702.079,0.79715,108786.2,0.800272
BTC/USD,2025-05-27 05:32:01.091704+00:00,108702.079,0.79715,108830.49,1.60358
BTC/USD,2025-05-27 05:32:01.092418+00:00,108702.079,0.79715,108850.934,0.80084
BTC/USD,2025-05-27 05:33:49.208647+00:00,108679.371,1.61455,108850.934,0.80084
BTC/USD,2025-05-27 05:33:49.209363+00:00,108679.371,1.61455,108855.148,1.617
BTC/USD,2025-05-27 05:33:49.209576+00:00,108679.371,1.61455,108769.4,0.80498
BTC/USD,2025-05-27 05:33:49.210016+00:00,108618.0,0.799,108769.4,0.80498
BTC/USD,2025-05-27 05:33:49.210065+00:00,108629.9,1.6217,108769.4,0.80498
BTC/USD,2025-05-27 05:34:12.085041+00:00,108618.0,0.799,108769.4,0.80498
BTC/USD,2025-05-27 05:34:12.085710+00:00,108618.0,0.799,108829.6,1.59379
BTC/USD,2025-05-27 05:34:12.086278+00:00,108618.0,0.799,108732.567,0.8048
BTC/USD,2025-05-27 05:34:12.086442+00:00,108569.82,0.81,108732.567,0.8048
BTC/USD,2025-05-27 05:34:14.116516+00:00,108566.32,1.6025,108732.567,0.8048
BTC/USD,2025-05-27 05:34:14.116634+00:00,108566.32,1.6025,108757.6,1.613
BTC/USD,2025-05-27 05:34:14.116664+00:00,108566.32,1.6025,108691.7,0.8067
BTC/USD,2025-05-27 05:34:14.116812+00:00,108557.19,0.80669,108691.7,0.8067
BTC/USD,2025-05-27 05:35:03.876644+00:00,108468.051,1.6149,108691.7,0.8067
BTC/USD,2025-05-27 05:35:03.876869+00:00,108576.61,0.79652,108691.7,0.8067
BTC/USD,2025-05-27 05:35:03.877547+00:00,108576.61,0.79652,108713.64,1.604
BTC/USD,2025-05-27 05:35:03.877857+00:00,108576.61,0.79652,108731.91,0.8009
BTC/USD,2025-05-27 05:35:28.303735+00:00,108547.73,1.6068,108731.91,0.8009
BTC/USD,2025-05-27 05:35:28.303748+00:00,108656.17,0.80791,108731.91,0.8009
BTC/USD,2025-05-27 05:35:28.303908+00:00,108656.17,0.80791,108779.8,1.6
BTC/USD,2025-05-27 05:35:28.304396+00:00,108656.17,0.80791,108802.48,2.42325
BTC/USD,2025-05-27 05:35:28.305047+00:00,108656.17,0.80791,108809.79,0.8078
BTC/USD,2025-05-27 05:35:56.885822+00:00,108616.985,1.6,108809.79,0.8078
BTC/USD,2025-05-27 05:35:56.886177+00:00,108663.864,0.7966,108809.79,0.8078
BTC/USD,2025-05-27 05:35:56.886496+00:00,108663.864,0.7966,108820.8,1.599
BTC/USD,2025-05-27 05:35:56.887028+00:00,108663.864,0.7966,108817.289,0.8001
BTC/USD,2025-05-27 05:41:50.495867+00:00,108647.9,1.5924,108817.289,0.8001
BTC/USD,2025-05-27 05:41:50.496572+00:00,108724.2,0.7964,108817.289,0.8001
BTC/USD,2025-05-27 05:41:50.497000+00:00,108724.2,0.7964,108884.172,1.591
BTC/USD,2025-05-27 05:41:50.497058+00:00,108724.2,0.7964,108868.68,0.802997
BTC/USD,2025-05-27 05:41:50.497404+00:00,108728.73,1.5935,108868.68,0.802997
BTC/USD,2025-05-27 05:43:31.920660+00:00,108728.73,1.5935,108895.704,1.59105
BTC/USD,2025-05-27 05:43:31.921013+00:00,108724.2,0.7964,108895.704,1.59105
BTC/USD,2025-05-27 05:43:31.921116+00:00,108793.52,0.8078,108895.704,1.59105
BTC/USD,2025-05-27 05:43:31.921374+00:00,108793.52,0.8078,109012.26,2.41929
BTC/USD,2025-05-27 05:43:31.921523+00:00,108793.52,0.8078,108962.62,0.79993
BTC/USD,2025-05-27 05:43:31.921943+00:00,108793.52,0.8078,108952.89,1.599
BTC/USD,2025-05-27 05:44:03.685003+00:00,108775.4,1.6098,108952.89,1.599
BTC/USD,2025-05-27 05:44:03.685973+00:00,108775.4,1.6098,108962.62,0.79993
BTC/USD,2025-05-27 05:44:03.686054+00:00,108775.4,1.6098,108889.79,0.807
BTC/USD,2025-05-27 05:44:03.686103+00:00,108761.1,0.7988,108889.79,0.807
BTC/USD,2025-05-27 05:44:26.464910+00:00,108761.1,0.7988,108889.79,0.806932024
BTC/USD,2025-05-27 05:44:26.728265+00:00,108686.325,1.619,108889.79,0.806932024
BTC/USD,2025-05-27 05:44:26.728358+00:00,108731.1,0.8034,108889.79,0.806932024
BTC/USD,2025-05-27 05:44:26.728432+00:00,108731.1,0.8034,108921.3,1.62051
BTC/USD,2025-05-27 05:44:26.728941+00:00,108731.1,0.8034,108876.81,0.79848
BTC/USD,2025-05-27 05:45:46.676146+00:00,108699.0,1.5974,108876.81,0.79848
BTC/USD,2025-05-27 05:45:46.676324+00:00,108701.0,0.805098,108876.81,0.79848
BTC/USD,2025-05-27 05:45:46.676393+00:00,108701.0,0.805098,108946.47,1.6163
BTC/USD,2025-05-27 05:45:46.676771+00:00,108701.0,0.805098,108848.9,0.807623
BTC/USD,2025-05-27 05:46:13.705352+00:00,108668.9,1.596,108848.9,0.807623
BTC/USD,2025-05-27 05:46:13.705652+00:00,108708.893,0.8052,108848.9,0.807623
BTC/USD,2025-05-27 05:46:13.705736+00:00,108708.893,0.8052,108863.4,1.60895
BTC/USD,2025-05-27 05:46:13.706043+00:00,108708.893,0.8052,108856.67,0.806002
BTC/USD,2025-05-27 05:46:13.706263+00:00,108724.56,1.599,108856.67,0.806002
BTC/USD,2025-05-27 05:48:49.205414+00:00,108724.56,1.599,108940.251,1.602
BTC/USD,2025-05-27 05:48:49.205673+00:00,108708.893,0.8052,108940.251,1.602
BTC/USD,2025-05-27 05:48:49.205916+00:00,108803.98,0.8006,108940.251,1.602
BTC/USD,2025-05-27 05:48:49.206197+00:00,108803.98,0.8006,108977.333,2.403
BTC/USD,2025-05-27 05:48:49.206496+00:00,108803.98,0.8006,108938.88,0.80062
BTC/USD,2025-05-27 05:50:14.415114+00:00,108781.322,1.5995,108938.88,0.80062
BTC/USD,2025-05-27 05:50:14.415664+00:00,108833.56,0.80239,108938.88,0.80062
BTC/USD,2025-05-27 05:50:14.415859+00:00,108833.56,0.80239,108994.973,1.59597
BTC/USD,2025-05-27 05:50:14.416275+00:00,108833.56,0.80239,109006.82,0.8044
BTC/USD,2025-05-27 05:52:22.409065+00:00,108790.686,1.62098,109006.82,0.8044
BTC/USD,2025-05-27 05:52:22.409375+00:00,108926.5,0.802816,109006.82,0.8044
BTC/USD,2025-05-27 05:52:22.409558+00:00,108926.5,0.802816,109009.8,1.6208
BTC/USD,2025-05-27 05:52:22.410688+00:00,108926.5,0.802816,109038.96,0.79849
BTC/USD,2025-05-27 06:04:12.313112+00:00,108846.261,1.604,109038.96,0.79849
BTC/USD,2025-05-27 06:04:12.313303+00:00,108996.47,0.804086,109038.96,0.79849
BTC/USD,2025-05-27 06:04:12.313494+00:00,108996.47,0.804086,109056.3,1.6124
BTC/USD,2025-05-27 06:04:12.314639+00:00,108996.47,0.804086,109140.04,0.8029
BTC/USD,2025-05-27 06:05:05.093730+00:00,108904.8,1.5918,109140.04,0.8029
BTC/USD,2025-05-27 06:05:05.093887+00:00,109025.9,0.8018,109140.04,0.8029
BTC/USD,2025-05-27 06:05:05.094001+00:00,109025.9,0.8018,109174.266,1.61398
BTC/USD,2025-05-27 06:05:05.094223+00:00,109025.9,0.8018,109144.018,0.80572
BTC/USD,2025-05-27 06:05:51.613822+00:00,109025.9,0.8018,109229.48,1.594
BTC/USD,2025-05-27 06:05:51.614238+00:00,108990.44,1.6,109229.48,1.594
BTC/USD,2025-05-27 06:05:51.614523+00:00,109084.86,0.79572,109229.48,1.594
BTC/USD,2025-05-27 06:05:51.615192+00:00,109084.86,0.79572,109265.35,2.42
BTC/USD,2025-05-27 06:05:51.615294+00:00,109084.86,0.79572,109243.0,0.8022
BTC/USD,2025-05-27 06:06:04.217143+00:00,109067.958,1.61569,109243.0,0.8022
BTC/USD,2025-05-27 06:06:04.217691+00:00,109129.259,0.798091,109243.0,0.8022
BTC/USD,2025-05-27 06:06:04.217813+00:00,109129.259,0.798091,109262.4,1.61841
BTC/USD,2025-05-27 06:06:04.218013+00:00,109129.259,0.798091,109256.55,0.8006
BTC/USD,2025-05-27 06:06:13.220090+00:00,109129.259,0.798091,109309.117,1.6144
BTC/USD,2025-05-27 06:06:13.220845+00:00,109077.59,1.61,109309.117,1.6144
BTC/USD,2025-05-27 06:06:13.221669+00:00,109165.05,0.8028,109309.117,1.6144
BTC/USD,2025-05-27 06:06:13.221809+00:00,109165.05,0.8028,109359.576,2.385
BTC/USD,2025-05-27 06:06:13.222303+00:00,109165.05,0.8028,109360.8,0.80377
BTC/USD,2025-05-27 06:06:26.305664+00:00,109129.6,1.60655,109360.8,0.80377
BTC/USD,2025-05-27 06:06:26.306105+00:00,109160.59,0.7959,109360.8,0.80377
BTC/USD,2025-05-27 06:06:26.306563+00:00,109160.59,0.7959,109382.2,1.5982
BTC/USD,2025-05-27 06:06:26.306853+00:00,109160.59,0.7959,109277.1,0.7958
BTC/USD,2025-05-27 06:06:28.901264+00:00,109110.65,1.60641,109277.1,0.7958
BTC/USD,2025-05-27 06:06:28.901438+00:00,109049.64,2.404,109277.1,0.7958
BTC/USD,2025-05-27 06:06:28.901450+00:00,109090.0,0.80253,109277.1,0.7958
BTC/USD,2025-05-27 06:06:28.901493+00:00,109090.0,0.80253,109287.0,1.59051
BTC/USD,2025-05-27 06:06:28.901632+00:00,109090.0,0.80253,109240.3,0.799002
BTC/USD,2025-05-27 06:06:34.087429+00:00,109030.173,1.5906,109240.3,0.799002
BTC/USD,2025-05-27 06:06:34.087763+00:00,109030.69,0.80555,109240.3,0.799002
BTC/USD,2025-05-27 06:06:34.088435+00:00,109030.69,0.80555,109267.4,1.60332
BTC/USD,2025-05-27 06:06:34.088722+00:00,109030.69,0.80555,109137.214,0.8089
BTC/USD,2025-05-27 06:07:08.415076+00:00,109030.69,0.80555,109187.854,1.6196
BTC/USD,2025-05-27 06:07:08.415527+00:00,109007.1,1.608,109187.854,1.6196
BTC/USD,2025-05-27 06:07:08.415635+00:00,109081.1,0.802533,109187.854,1.6196
BTC/USD,2025-05-27 06:07:08.415763+00:00,109081.1,0.802533,109263.87,2.424
BTC/USD,2025-05-27 06:07:08.415889+00:00,109081.1,0.802533,109243.4,0.79728
BTC/USD,2025-05-27 06:07:27.922171+00:00,109019.9,1.62,109243.4,0.79728
BTC/USD,2025-05-27 06:07:27.922321+00:00,109019.9,1.62,109261.25,1.60115
BTC/USD,2025-05-27 06:07:27.922399+00:00,109019.9,1.62,109186.07,0.8083
BTC/USD,2025-05-27 06:07:27.922419+00:00,109017.999,0.8068,109186.07,0.8083
BTC/USD,2025-05-27 06:07:47.556817+00:00,108999.018,1.6081,109186.07,0.8083
BTC/USD,2025-05-27 06:07:47.557708+00:00,108999.018,1.6081,109229.75,1.61864
BTC/USD,2025-05-27 06:07:47.558119+00:00,108999.018,1.6081,109122.354,0.8063
BTC/USD,2025-05-27 06:07:47.558440+00:00,108960.7,0.800597,109122.354,0.8063
BTC/USD,2025-05-27 06:09:07.319985+00:00,108945.2,1.6157,109122.354,0.8063
BTC/USD,2025-05-27 06:09:07.320017+00:00,109018.23,0.8014,109122.354,0.8063
BTC/USD,2025-05-27 06:09:07.320306+00:00,109018.23,0.8014,109166.488,1.62
BTC/USD,2025-05-27 06:09:07.320734+00:00,109018.23,0.8014,109131.08,0.7985
BTC/USD,2025-05-27 06:09:16.417431+00:00,109018.23,0.8014,109187.87,1.61035
BTC/USD,2025-05-27 06:09:16.417639+00:00,109005.5,1.5977,109187.87,1.61035
BTC/USD,2025-05-27 06:09:16.417651+00:00,109101.24,0.81018,109187.87,1.61035
BTC/USD,2025-05-27 06:09:16.417754+00:00,109101.24,0.81018,109268.8,2.39677
BTC/USD,2025-05-27 06:09:16.417973+00:00,109101.24,0.81018,109192.139,0.808204
BTC/USD,2025-05-27 06:09:50.891589+00:00,109028.0,1.61747,109192.139,0.808204
BTC/USD,2025-05-27 06:09:50.891752+00:00,108992.5,2.39571,109192.139,0.808204
BTC/USD,2025-05-27 06:09:50.891840+00:00,109002.4,0.803,109192.139,0.808204
BTC/USD,2025-05-27 06:09:50.891948+00:00,109002.4,0.803,109281.5,1.599
BTC/USD,2025-05-27 06:09:50.892022+00:00,109002.4,0.803,109163.3,0.80579
BTC/USD,2025-05-27 06:10:19.615202+00:00,108992.422,1.6163,109163.3,0.80579
BTC/USD,2025-05-27 06:10:19.615217+00:00,109060.5,0.8064,109163.3,0.80579
BTC/USD,2025-05-27 06:10:19.615356+00:00,109060.5,0.8064,109216.8,1.61
BTC/USD,2025-05-27 06:10:19.615668+00:00,109060.5,0.8064,109241.128,0.7999
BTC/USD,2025-05-27 06:11:26.300230+00:00,109056.118,1.5967,109241.128,0.7999
BTC/USD,2025-05-27 06:11:26.300736+00:00,109056.118,1.5967,109250.1,1.5935
BTC/USD,2025-05-27 06:11:26.301286+00:00,109056.118,1.5967,109154.273,0.79592
BTC/USD,2025-05-27 06:11:26.301448+00:00,108985.02,0.7985,109154.273,0.79592
BTC/USD,2025-05-27 06:12:37.344873+00:00,108985.02,0.7985,109154.273,0.795743061
BTC/USD,2025-05-27 06:12:37.536975+00:00,108983.3,1.5947,109154.273,0.795743061
BTC/USD,2025-05-27 06:12:37.537440+00:00,109011.44,0.800554,109154.273,0.795743061
BTC/USD,2025-05-27 06:12:37.537659+00:00,109011.44,0.800554,109163.6,1.613
BTC/USD,2025-05-27 06:12:37.538218+00:00,109011.44,0.800554,109190.628,0.798033
BTC/USD,2025-05-27 06:12:51.084521+00:00,108967.734,1.60265,109190.628,0.798033
BTC/USD,2025-05-27 06:12:51.084897+00:00,109102.2,0.802686,109190.628,0.798033
BTC/USD,2025-05-27 06:12:51.085342+00:00,109102.2,0.802686,109228.2,1.593
BTC/USD,2025-05-27 06:12:51.086044+00:00,109102.2,0.802686,109253.0,0.80305
BTC/USD,2025-05-27 06:13:34.877701+00:00,109059.223,1.593,109253.0,0.80305
BTC/USD,2025-05-27 06:13:34.877873+00:00,109059.223,1.593,109275.2,1.6052
BTC/USD,2025-05-27 06:13:34.878095+00:00,109059.223,1.593,109177.383,0.808989
BTC/USD,2025-05-27 06:13:34.878468+00:00,109023.361,0.809922,109177.383,0.808989
BTC/USD,2025-05-27 06:14:31.346712+00:00,108985.6,1.61159,109177.383,0.808989
BTC/USD,2025-05-27 06:14:31.347082+00:00,109063.9,0.807357,109177.383,0.808989
BTC/USD,2025-05-27 06:14:31.347528+00:00,109063.9,0.807357,109240.1,1.606
BTC/USD,2025-05-27 06:14:31.348019+00:00,109063.9,0.807357,109216.281,0.799382
BTC/USD,2025-05-27 06:15:15.407571+00:00,109059.29,1.60391,109216.281,0.799382
BTC/USD,2025-05-27 06:15:15.408193+00:00,109139.0,0.80538,109216.281,0.799382
BTC/USD,2025-05-27 06:15:15.408447+00:00,109139.0,0.80538,109283.3,1.613
BTC/USD,2025-05-27 06:15:15.408665+00:00,109139.0,0.80538,109280.44,0.803
BTC/USD,2025-05-27 06:16:30.084023+00:00,109121.8,1.5953,109280.44,0.803
BTC/USD,2025-05-27 06:16:30.084710+00:00,109121.8,1.5953,109297.12,1.591
BTC/USD,2025-05-27 06:16:30.084762+00:00,109121.8,1.5953,109215.71,0.8104
BTC/USD,2025-05-27 06:16:30.084822+00:00,109061.864,0.800257,109215.71,0.8104
BTC/USD,2025-05-27 06:17:08.913438+00:00,109043.28,1.61764,109215.71,0.8104
BTC/USD,2025-05-27 06:17:08.914318+00:00,109043.28,1.61764,109279.412,1.608
BTC/USD,2025-05-27 06:17:08.914942+00:00,109043.28,1.61764,109173.3,0.80854
BTC/USD,2025-05-27 06:17:08.915068+00:00,109030.4,0.804056,109173.3,0.80854
BTC/USD,2025-05-27 06:17:23.709885+00:00,109011.656,1.61683,109173.3,0.80854
BTC/USD,2025-05-27 06:17:23.709927+00:00,109011.656,1.61683,109206.9,1.613
BTC/USD,2025-05-27 06:17:23.710117+00:00,109011.656,1.61683,109091.3,0.79653
BTC/USD,2025-05-27 06:17:23.710183+00:00,108993.372,0.80042,109091.3,0.79653
BTC/USD,2025-05-27 06:17:35.318638+00:00,108993.372,0.80042,109140.468,1.5954
BTC/USD,2025-05-27 06:17:35.318751+00:00,108946.8,1.612,109140.468,1.5954
BTC/USD,2025-05-27 06:17:35.318784+00:00,109006.5,0.81049,109140.468,1.5954
BTC/USD,2025-05-27 06:17:35.318903+00:00,109006.5,0.81049,109228.2,2.41459
BTC/USD,2025-05-27 06:17:35.319005+00:00,109006.5,0.81049,109188.05,0.80135
BTC/USD,2025-05-27 06:17:35.319268+00:00,109010.36,1.59152,109188.05,0.80135
BTC/USD,2025-05-27 06:18:08.086926+00:00,109006.5,0.81049,109188.05,0.80135
BTC/USD,2025-05-27 06:18:08.088404+00:00,109006.5,0.81049,109211.053,1.607
BTC/USD,2025-05-27 06:18:08.088584+00:00,109006.5,0.81049,109102.512,0.80805
BTC/USD,2025-05-27 06:18:08.088696+00:00,108973.69,0.795368,109102.512,0.80805
BTC/USD,2025-05-27 06:20:28.113408+00:00,108927.47,1.5958,109102.512,0.80805
BTC/USD,2025-05-27 06:20:28.114018+00:00,108927.47,1.5958,109136.4,1.62192
BTC/USD,2025-05-27 06:20:28.114346+00:00,108927.47,1.5958,109089.9,0.801904
BTC/USD,2025-05-27 06:20:28.114527+00:00,108921.1,0.80807,109089.9,0.801904
BTC/USD,2025-05-27 06:24:07.002879+00:00,108877.79,1.59316,109089.9,0.801904
BTC/USD,2025-05-27 06:24:07.003443+00:00,108990.4,0.810215,109089.9,0.801904
BTC/USD,2025-05-27 06:24:07.003597+00:00,108990.4,0.810215,109120.981,1.5915
BTC/USD,2025-05-27 06:24:07.003972+00:00,108990.4,0.810215,109144.17,0.804
BTC/USD,2025-05-27 06:24:48.306290+00:00,108956.8,1.6006,109144.17,0.804
BTC/USD,2025-05-27 06:24:48.306494+00:00,109041.756,0.80371,109144.17,0.804
BTC/USD,2025-05-27 06:24:48.306759+00:00,109041.756,0.80371,109150.37,1.59242
BTC/USD,2025-05-27 06:24:48.307730+00:00,109041.756,0.80371,109169.5,0.808176
BTC/USD,2025-05-27 06:26:29.699627+00:00,109007.06,1.59754,109169.5,0.808176
BTC/USD,2025-05-27 06:26:29.700167+00:00,109075.9,0.79959,109169.5,0.808176
BTC/USD,2025-05-27 06:26:29.700875+00:00,109075.9,0.79959,109222.3,1.60494
BTC/USD,2025-05-27 06:26:29.701277+00:00,109075.9,0.79959,109213.2,0.80708
BTC/USD,2025-05-27 06:27:24.060981+00:00,109048.085,1.61251,109213.2,0.80708
BTC/USD,2025-05-27 06:27:24.061004+00:00,109048.669,0.802325,109213.2,0.80708
BTC/USD,2025-05-27 06:27:24.061327+00:00,109048.669,0.802325,109255.39,1.5908
BTC/USD,2025-05-27 06:27:24.061856+00:00,109048.669,0.802325,109193.63,0.799155
BTC/USD,2025-05-27 06:27:24.062169+00:00,109048.669,0.802325,109184.99,1.6211
BTC/USD,2025-05-27 06:27:34.199427+00:00,109020.4,1.59079,109184.99,1.6211
BTC/USD,2025-05-27 06:27:34.199448+00:00,108951.826,2.4137,109184.99,1.6211
BTC/USD,2025-05-27 06:27:34.199480+00:00,108970.484,0.802331,109184.99,1.6211
BTC/USD,2025-05-27 06:27:34.199980+00:00,108970.484,0.802331,109193.63,0.799155
BTC/USD,2025-05-27 06:27:34.200423+00:00,108970.484,0.802331,109113.09,0.79936
BTC/USD,2025-05-27 06:29:26.859546+00:00,108953.69,1.593,109113.09,0.79936
BTC/USD,2025-05-27 06:29:26.859944+00:00,109056.66,0.80034,109113.09,0.79936
BTC/USD,2025-05-27 06:29:26.860325+00:00,109056.66,0.80034,109175.0,1.6173
BTC/USD,2025-05-27 06:29:26.860723+00:00,109056.66,0.80034,109168.79,0.809096
BTC/USD,2025-05-27 06:30:08.074514+00:00,108978.1,1.5902,109168.79,0.809096
BTC/USD,2025-05-27 06:30:08.074873+00:00,109063.702,0.80459,109168.79,0.809096
BTC/USD,2025-05-27 06:30:08.075034+00:00,109063.702,0.80459,109182.9,1.619
BTC/USD,2025-05-27 06:30:08.075932+00:00,109063.702,0.80459,109247.5,0.8094
BTC/USD,2025-05-27 06:31:18.005440+00:00,109052.92,1.60139,109247.5,0.8094
BTC/USD,2025-05-27 06:31:18.005976+00:00,109107.65,0.8015,109247.5,0.8094
BTC/USD,2025-05-27 06:31:18.006302+00:00,109107.65,0.8015,109291.8,1.6173
BTC/USD,2025-05-27 06:31:18.006649+00:00,109107.65,0.8015,109272.66,0.8061
BTC/USD,2025-05-27 06:31:59.873442+00:00,109088.9,1.609,109272.66,0.8061
BTC/USD,2025-05-27 06:31:59.873886+00:00,109090.1,0.8053,109272.66,0.8061
BTC/USD,2025-05-27 06:31:59.874150+00:00,109090.1,0.8053,109286.6,1.6081
BTC/USD,2025-05-27 06:31:59.874304+00:00,109090.1,0.8053,109216.87,0.7999
BTC/USD,2025-05-27 06:32:46.706115+00:00,109077.766,1.59376,109216.87,0.7999
BTC/USD,2025-05-27 06:32:46.706538+00:00,109129.577,0.806819,109216.87,0.7999
BTC/USD,2025-05-27 06:32:46.707033+00:00,109129.577,0.806819,109232.46,1.604
BTC/USD,2025-05-27 06:32:46.708083+00:00,109129.577,0.806819,109306.177,0.797693
BTC/USD,2025-05-27 06:35:08.527648+00:00,109108.719,1.59745,109306.177,0.797693
BTC/USD,2025-05-27 06:35:08.527976+00:00,109171.148,0.800515,109306.177,0.797693
BTC/USD,2025-05-27 06:35:08.528410+00:00,109171.148,0.800515,109337.57,1.61899
BTC/USD,2025-05-27 06:35:08.528659+00:00,109171.148,0.800515,109335.54,0.80544
BTC/USD,2025-05-27 06:35:08.529204+00:00,109182.374,1.595,109335.54,0.80544
BTC/USD,2025-05-27 06:35:57.707168+00:00,109182.374,1.594932194,109335.54,0.80544
BTC/USD,2025-05-27 06:35:57.980416+00:00,109171.148,0.800515,109335.54,0.80544
BTC/USD,2025-05-27 06:35:57.980498+00:00,109204.73,0.8089,109335.54,0.80544
BTC/USD,2025-05-27 06:35:57.980718+00:00,109204.73,0.8089,109398.67,1.6049
BTC/USD,2025-05-27 06:35:57.980848+00:00,109204.73,0.8089,109325.5,0.79727
BTC/USD,2025-05-27 06:37:17.142299+00:00,109176.57,1.62173,109325.5,0.79727
BTC/USD,2025-05-27 06:37:17.142410+00:00,109176.57,1.62173,109388.26,1.60443
BTC/USD,2025-05-27 06:37:17.142619+00:00,109176.57,1.62173,109322.2,0.7978
BTC/USD,2025-05-27 06:37:17.142631+00:00,109155.36,0.80589,109322.2,0.7978
BTC/USD,2025-05-27 06:39:20.812580+00:00,109109.24,1.59093,109322.2,0.7978
BTC/USD,2025-05-27 06:39:20.812871+00:00,109109.24,1.59093,109351.057,1.60522
BTC/USD,2025-05-27 06:39:20.813038+00:00,109109.24,1.59093,109228.1,0.80172
BTC/USD,2025-05-27 06:39:20.813047+00:00,109096.33,0.797351,109228.1,0.80172
BTC/USD,2025-05-27 06:40:07.998170+00:00,109041.22,1.61184,109228.1,0.80172
BTC/USD,2025-05-27 06:40:07.998263+00:00,109131.5,0.80978,109228.1,0.80172
BTC/USD,2025-05-27 06:40:07.998317+00:00,109131.5,0.80978,109243.32,1.5949
BTC/USD,2025-05-27 06:40:07.999417+00:00,109131.5,0.80978,109273.4,0.80075
BTC/USD,2025-05-27 06:43:03.412579+00:00,109094.9,1.592,109273.4,0.80075
BTC/USD,2025-05-27 06:43:03.412635+00:00,109137.0,0.806226,109273.4,0.80075
BTC/USD,2025-05-27 06:43:03.412700+00:00,109137.0,0.806226,109288.4,1.61719
BTC/USD,2025-05-27 06:43:03.412978+00:00,109137.0,0.806226,109317.65,0.807
BTC/USD,2025-05-27 06:44:26.702118+00:00,109123.91,1.5992,109317.65,0.807
BTC/USD,2025-05-27 06:44:26.702538+00:00,109219.6,0.79881,109317.65,0.807
BTC/USD,2025-05-27 06:44:26.702862+00:00,109219.6,0.79881,109326.591,1.612
BTC/USD,2025-05-27 06:44:26.703782+00:00,109219.6,0.79881,109380.154,2.416
BTC/USD,2025-05-27 06:44:26.704164+00:00,109219.6,0.79881,109384.6,0.80335
BTC/USD,2025-05-27 06:45:08.561501+00:00,109187.263,1.595,109384.6,0.80335
BTC/USD,2025-05-27 06:45:08.561759+00:00,109187.263,1.595,109419.61,1.6001
BTC/USD,2025-05-27 06:45:08.561779+00:00,109187.263,1.595,109278.848,0.797
BTC/USD,2025-05-27 06:45:08.561896+00:00,109170.376,0.8004,109278.848,0.797
BTC/USD,2025-05-27 06:47:04.104979+00:00,109170.376,0.8004,109350.105,1.61676
BTC/USD,2025-05-27 06:47:04.105257+00:00,109143.31,1.6185,109350.105,1.61676
BTC/USD,2025-05-27 06:47:04.105378+00:00,109248.57,0.804901,109350.105,1.61676
BTC/USD,2025-05-27 06:47:04.105485+00:00,109248.57,0.804901,109419.7,2.417
BTC/USD,2025-05-27 06:47:04.105565+00:00,109248.57,0.804901,109387.3,0.795646
BTC/USD,2025-05-27 06:48:41.984693+00:00,109205.82,1.618,109387.3,0.795646
BTC/USD,2025-05-27 06:48:41.984863+00:00,109123.527,2.388,109387.3,0.795646
BTC/USD,2025-05-27 06:48:41.985028+00:00,109151.74,0.808655,109387.3,0.795646
BTC/USD,2025-05-27 06:48:41.985324+00:00,109151.74,0.808655,109405.395,1.61438
BTC/USD,2025-05-27 06:48:41.985518+00:00,109151.74,0.808655,109336.0,0.7987
BTC/USD,2025-05-27 06:48:41.985905+00:00,109154.5,1.61112,109336.0,0.7987
BTC/USD,2025-05-27 06:49:37.131840+00:00,109151.74,0.808655,109336.0,0.7987
BTC/USD,2025-05-27 06:49:37.132037+00:00,109254.685,0.7959,109336.0,0.7987
BTC/USD,2025-05-27 06:49:37.132454+00:00,109254.685,0.7959,109378.231,1.591
BTC/USD,2025-05-27 06:49:37.132776+00:00,109254.685,0.7959,109369.976,0.797785
BTC/USD,2025-05-27 06:50:10.006640+00:00,109167.06,1.617,109369.976,0.797785
BTC/USD,2025-05-27 06:50:10.006953+00:00,109090.3,2.3929,109369.976,0.797785
BTC/USD,2025-05-27 06:50:10.007333+00:00,109166.3,0.80755,109369.976,0.797785
BTC/USD,2025-05-27 06:50:10.007881+00:00,109166.3,0.80755,109434.0,1.6
BTC/USD,2025-05-27 06:50:10.007893+00:00,109166.3,0.80755,109345.549,0.7982
BTC/USD,2025-05-27 06:50:10.008422+00:00,109166.3,0.80755,109344.2,1.61053
BTC/USD,2025-05-27 06:52:13.520589+00:00,109107.0,1.6174,109344.2,1.61053
BTC/USD,2025-05-27 06:52:13.521189+00:00,109107.0,1.6174,109345.549,0.7982
BTC/USD,2025-05-27 06:52:13.521440+00:00,109107.0,1.6174,109252.938,0.8011
BTC/USD,2025-05-27 06:52:13.521529+00:00,109091.9,0.80459,109252.938,0.8011
BTC/USD,2025-05-27 06:52:24.502781+00:00,109068.8,1.61308,109252.938,0.8011
BTC/USD,2025-05-27 06:52:24.502858+00:00,109071.264,0.797212,109252.938,0.8011
BTC/USD,2025-05-27 06:52:24.502993+00:00,109071.264,0.797212,109303.83,1.599
BTC/USD,2025-05-27 06:52:24.503111+00:00,109071.264,0.797212,109183.067,0.8088
BTC/USD,2025-05-27 06:52:41.294380+00:00,109007.5,1.617,109183.067,0.8088
BTC/USD,2025-05-27 06:52:41.294652+00:00,108960.13,2.4175,109183.067,0.8088
BTC/USD,2025-05-27 06:52:41.295287+00:00,109012.063,0.80514,109183.067,0.8088
BTC/USD,2025-05-27 06:52:41.295490+00:00,109012.063,0.80514,109256.54,1.61312
BTC/USD,2025-05-27 06:52:41.295898+00:00,109012.063,0.80514,109171.8,0.79664
BTC/USD,2025-05-27 06:53:19.915846+00:00,108977.8,1.618,109171.8,0.79664
BTC/USD,2025-05-27 06:53:19.916090+00:00,108977.8,1.618,109176.16,1.60269
BTC/USD,2025-05-27 06:53:19.916379+00:00,108977.8,1.618,109062.9,0.80111
BTC/USD,2025-05-27 06:53:19.916426+00:00,108949.748,0.807064,109062.9,0.80111
BTC/USD,2025-05-27 06:53:51.414591+00:00,108926.318,1.594,109062.9,0.80111
BTC/USD,2025-05-27 06:53:51.415298+00:00,108926.318,1.594,109112.56,1.59265
BTC/USD,2025-05-27 06:53:51.415440+00:00,108926.318,1.594,109051.27,0.795671
BTC/USD,2025-05-27 06:53:51.415513+00:00,108863.8,0.7986,109051.27,0.795671
BTC/USD,2025-05-27 06:53:51.415775+00:00,108863.8,0.7986,109049.29,1.615
BTC/USD,2025-05-27 06:58:06.305606+00:00,108831.16,1.618,109049.29,1.615
BTC/USD,2025-05-27 06:58:06.306356+00:00,108831.16,1.618,109051.27,0.795671
BTC/USD,2025-05-27 06:58:06.306688+00:00,108831.16,1.618,108992.151,0.80382
BTC/USD,2025-05-27 06:58:06.306870+00:00,108814.0,0.799,108992.151,0.80382
BTC/USD,2025-05-27 06:58:06.307873+00:00,108814.0,0.799,108979.438,1.6013
BTC/USD,2025-05-27 07:00:28.484571+00:00,108776.639,1.60666,108979.438,1.6013
BTC/USD,2025-05-27 07:00:28.485156+00:00,108909.891,0.80972,108979.438,1.6013
BTC/USD,2025-05-27 07:00:28.485677+00:00,108909.891,0.80972,108992.151,0.80382
BTC/USD,2025-05-27 07:00:28.486085+00:00,108909.891,0.80972,109000.2,0.80495
BTC/USD,2025-05-27 07:04:31.508784+00:00,108909.891,0.80972,109093.5,1.617
BTC/USD,2025-05-27 07:04:31.508927+00:00,108817.98,1.6049,109093.5,1.617
BTC/USD,2025-05-27 07:04:31.509099+00:00,108962.2,0.797809,109093.5,1.617
BTC/USD,2025-05-27 07:04:31.509281+00:00,108962.2,0.797809,109130.511,2.407
BTC/USD,2025-05-27 07:04:31.509740+00:00,108962.2,0.797809,109090.4,0.80121
BTC/USD,2025-05-27 07:06:39.288297+00:00,108898.97,1.591,109090.4,0.80121
BTC/USD,2025-05-27 07:06:39.288433+00:00,109014.3,0.805283,109090.4,0.80121
BTC/USD,2025-05-27 07:06:39.288633+00:00,109014.3,0.805283,109091.9,1.612
BTC/USD,2025-05-27 07:06:39.289243+00:00,109014.3,0.805283,109155.2,0.802894
BTC/USD,2025-05-27 07:06:49.472941+00:00,108931.126,1.612,109155.2,0.802894
BTC/USD,2025-05-27 07:06:49.473392+00:00,109022.484,0.7963,109155.2,0.802894
BTC/USD,2025-05-27 07:06:49.473810+00:00,109022.484,0.7963,109164.68,1.613
BTC/USD,2025-05-27 07:06:49.474277+00:00,109028.9,1.6039,109164.68,1.613
BTC/USD,2025-05-27 07:06:49.474454+00:00,109028.9,1.6039,109167.619,0.799553
BTC/USD,2025-05-27 07:13:31.080226+00:00,109022.484,0.7963,109167.619,0.799553
BTC/USD,2025-05-27 07:13:31.080815+00:00,109022.484,0.7963,109257.03,1.61107
BTC/USD,2025-05-27 07:13:31.081196+00:00,109022.484,0.7963,109156.36,0.8096
BTC/USD,2025-05-27 07:13:31.081466+00:00,108979.18,0.8005,109156.36,0.8096
BTC/USD,2025-05-27 07:15:00.911689+00:00,108950.99,1.5944,109156.36,0.8096
BTC/USD,2025-05-27 07:15:00.911837+00:00,109022.7,0.8063,109156.36,0.8096
BTC/USD,2025-05-27 07:15:00.911901+00:00,109022.7,0.8063,109161.2,1.605
BTC/USD,2025-05-27 07:15:00.914781+00:00,109022.7,0.8063,109165.748,0.80272
BTC/USD,2025-05-27 07:16:18.517006+00:00,109022.7,0.8063,109196.9,1.6056
BTC/USD,2025-05-27 07:16:18.517328+00:00,109012.4,1.6074,109196.9,1.6056
BTC/USD,2025-05-27 07:16:18.517338+00:00,109080.401,0.81009,109196.9,1.6056
BTC/USD,2025-05-27 07:16:18.517623+00:00,109080.401,0.81009,109290.757,2.41567
BTC/USD,2025-05-27 07:16:18.517763+00:00,109080.401,0.81009,109215.4,0.8107
BTC/USD,2025-05-27 07:16:18.518099+00:00,109081.8,1.605,109215.4,0.8107
BTC/USD,2025-05-27 07:21:27.086996+00:00,109081.8,1.605,109280.52,1.6217
BTC/USD,2025-05-27 07:21:27.087025+00:00,109080.401,0.81009,109280.52,1.6217
BTC/USD,2025-05-27 07:21:27.087035+00:00,109159.4,0.80949,109280.52,1.6217
BTC/USD,2025-05-27 07:21:27.087331+00:00,109159.4,0.80949,109346.75,2.39357
BTC/USD,2025-05-27 07:21:27.088735+00:00,109159.4,0.80949,109290.021,0.8004
BTC/USD,2025-05-27 07:26:07.297211+00:00,109130.8,1.617,109290.021,0.8004
BTC/USD,2025-05-27 07:26:07.297587+00:00,109227.534,0.8019,109290.021,0.8004
BTC/USD,2025-05-27 07:26:07.297970+00:00,109227.534,0.8019,109355.592,1.592
BTC/USD,2025-05-27 07:26:07.299026+00:00,109227.534,0.8019,109372.044,0.80339
BTC/USD,2025-05-27 07:26:51.790281+00:00,109227.534,0.8019,109372.044,0.799769959
BTC/USD,2025-05-27 07:26:51.970580+00:00,109160.87,1.59545,109372.044,0.799769959
BTC/USD,2025-05-27 07:26:51.971040+00:00,109209.13,0.806818,109372.044,0.799769959
BTC/USD,2025-05-27 07:26:51.971080+00:00,109209.13,0.806818,109386.185,1.617
BTC/USD,2025-05-27 07:26:51.971496+00:00,109209.13,0.806818,109330.915,0.7996
BTC/USD,2025-05-27 07:27:19.309750+00:00,109128.124,1.6168,109330.915,0.7996
BTC/USD,2025-05-27 07:27:19.310085+00:00,109082.341,2.417,109330.915,0.7996
BTC/USD,2025-05-27 07:27:19.310310+00:00,109153.365,0.8044,109330.915,0.7996
BTC/USD,2025-05-27 07:27:19.310347+00:00,109153.365,0.8044,109365.338,1.6191
BTC/USD,2025-05-27 07:27:19.310472+00:00,109153.365,0.8044,109301.616,0.80532
BTC/USD,2025-05-27 07:28:35.009919+00:00,109153.365,0.8044,109301.616,0.804436495
BTC/USD,2025-05-27 07:28:35.244246+00:00,109063.02,1.59594,109301.616,0.804436495
BTC/USD,2025-05-27 07:28:35.244286+00:00,109139.0,0.806525,109301.616,0.804436495
BTC/USD,2025-05-27 07:28:35.244402+00:00,109139.0,0.806525,109337.66,1.5919
BTC/USD,2025-05-27 07:28:35.244611+00:00,109139.0,0.806525,109302.968,0.7977
BTC/USD,2025-05-27 07:28:35.244872+00:00,109139.6,1.611,109302.968,0.7977
BTC/USD,2025-05-27 07:29:33.901568+00:00,109139.0,0.806525,109302.968,0.7977
BTC/USD,2025-05-27 07:29:33.901938+00:00,109139.0,0.806525,109336.8,1.612
BTC/USD,2025-05-27 07:29:33.902236+00:00,109139.0,0.806525,109228.4,0.7971
BTC/USD,2025-05-27 07:29:33.902317+00:00,109103.6,0.8006,109228.4,0.7971
BTC/USD,2025-05-27 07:30:09.291136+00:00,109103.6,0.8006,109264.544,1.59425
BTC/USD,2025-05-27 07:30:09.291636+00:00,109093.0,1.602,109264.544,1.59425
BTC/USD,2025-05-27 07:30:09.291861+00:00,109142.64,0.80739,109264.544,1.59425
BTC/USD,2025-05-27 07:30:09.292244+00:00,109142.64,0.80739,109355.02,2.38783
BTC/USD,2025-05-27 07:30:09.292395+00:00,109142.64,0.80739,109321.97,0.8088
BTC/USD,2025-05-27 07:31:04.230701+00:00,109129.58,1.62082,109321.97,0.8088
BTC/USD,2025-05-27 07:31:04.230754+00:00,109205.976,0.804965,109321.97,0.8088
BTC/USD,2025-05-27 07:31:04.230851+00:00,109205.976,0.804965,109326.211,1.61248
BTC/USD,2025-05-27 07:31:04.231647+00:00,109205.976,0.804965,109390.67,0.797781
BTC/USD,2025-05-27 07:31:14.068386+00:00,109198.86,1.61056,109390.67,0.797781
BTC/USD,2025-05-27 07:31:14.068741+00:00,109283.1,0.795398,109390.67,0.797781
BTC/USD,2025-05-27 07:31:14.069173+00:00,109283.1,0.795398,109429.003,1.5996
BTC/USD,2025-05-27 07:31:14.069187+00:00,109283.1,0.795398,109418.992,0.8006
BTC/USD,2025-05-27 07:36:05.079689+00:00,109219.52,1.591,109418.992,0.8006
BTC/USD,2025-05-27 07:36:05.080022+00:00,109329.676,0.8055,109418.992,0.8006
BTC/USD,2025-05-27 07:36:05.080311+00:00,109329.676,0.8055,109463.63,1.61532
BTC/USD,2025-05-27 07:36:05.080671+00:00,109329.676,0.8055,109458.2,0.802764
BTC/USD,2025-05-27 07:36:43.668645+00:00,109276.665,1.61095,109458.2,0.802764
BTC/USD,2025-05-27 07:36:43.669228+00:00,109310.4,0.7999,109458.2,0.802764
BTC/USD,2025-05-27 07:36:43.669296+00:00,109310.4,0.7999,109528.4,1.60542
BTC/USD,2025-05-27 07:36:43.669363+00:00,109310.4,0.7999,109465.47,0.806739
BTC/USD,2025-05-27 07:38:10.904379+00:00,109230.052,1.61049,109465.47,0.806739
BTC/USD,2025-05-27 07:38:10.904439+00:00,109317.569,0.811,109465.47,0.806739
BTC/USD,2025-05-27 07:38:10.904773+00:00,109317.569,0.811,109487.6,1.5922
BTC/USD,2025-05-27 07:38:10.904982+00:00,109317.569,0.811,109475.85,0.8026
BTC/USD,2025-05-27 07:38:10.905385+00:00,109321.651,1.616,109475.85,0.8026
BTC/USD,2025-05-27 07:39:45.868620+00:00,109317.569,0.811,109475.85,0.8026
BTC/USD,2025-05-27 07:39:45.868950+00:00,109368.4,0.810917,109475.85,0.8026
BTC/USD,2025-05-27 07:39:45.869281+00:00,109368.4,0.810917,109533.0,1.592
BTC/USD,2025-05-27 07:39:45.869862+00:00,109393.0,1.59833,109533.0,1.592
BTC/USD,2025-05-27 07:39:45.870073+00:00,109393.0,1.59833,109568.7,0.80854
BTC/USD,2025-05-27 07:39:45.870227+00:00,109393.0,1.59833,109548.9,1.61479
BTC/USD,2025-05-27 07:39:47.272917+00:00,109393.0,1.598316447,109548.9,1.61479
BTC/USD,2025-05-27 07:39:47.539892+00:00,109368.4,0.810917,109548.9,1.61479
BTC/USD,2025-05-27 07:39:47.540424+00:00,109418.6,0.8076,109548.9,1.61479
BTC/USD,2025-05-27 07:39:47.540806+00:00,109418.6,0.8076,109568.7,0.80854
BTC/USD,2025-05-27 07:39:47.541144+00:00,109418.6,0.8076,109552.3,0.7955
BTC/USD,2025-05-27 07:41:09.188666+00:00,109377.351,1.59508,109552.3,0.7955
BTC/USD,2025-05-27 07:41:09.188997+00:00,109492.479,0.8011,109552.3,0.7955
BTC/USD,2025-05-27 07:41:09.189359+00:00,109492.479,0.8011,109582.05,0.00149
BTC/USD,2025-05-27 07:41:35.325394+00:00,109435.0,1.61398,109582.05,0.00149
BTC/USD,2025-05-27 07:41:35.326024+00:00,109376.09,2.40301,109582.05,0.00149
BTC/USD,2025-05-27 07:41:35.326550+00:00,109425.75,0.809673,109582.05,0.00149
BTC/USD,2025-05-27 07:41:35.326668+00:00,109425.75,0.809673,109545.9,0.800926
BTC/USD,2025-05-27 07:44:48.334045+00:00,109344.0,1.609,109545.9,0.800926
BTC/USD,2025-05-27 07:44:48.334284+00:00,109479.017,0.802058,109545.9,0.800926
BTC/USD,2025-05-27 07:44:48.334426+00:00,109479.017,0.802058,109582.05,0.00149
BTC/USD,2025-05-27 07:48:49.470450+00:00,109421.9,1.59827,109582.05,0.00149
BTC/USD,2025-05-27 07:48:49.470504+00:00,109488.7,0.806219,109582.05,0.00149
BTC/USD,2025-05-27 07:50:19.200614+00:00,109481.0,1.6144,109582.05,0.00149
BTC/USD,2025-05-27 07:50:19.200660+00:00,109481.0,1.6144,109688.8,0.79816
BTC/USD,2025-05-27 07:50:19.200660+00:00,109583.52,0.80738,109688.8,0.79816
BTC/USD,2025-05-27 07:50:19.201252+00:00,109583.52,0.80738,109717.8,1.60831
BTC/USD,2025-05-27 07:50:19.201433+00:00,109583.52,0.80738,109706.57,0.805517
BTC/USD,2025-05-27 07:50:19.453293+00:00,109511.201,1.621,109706.57,0.805517
BTC/USD,2025-05-27 07:50:19.453400+00:00,109592.486,0.80342,109706.57,0.805517
BTC/USD,2025-05-27 07:50:19.453570+00:00,109592.486,0.80342,109772.092,1.619
BTC/USD,2025-05-27 07:50:19.453653+00:00,109592.486,0.80342,109700.15,0.810762
BTC/USD,2025-05-27 07:53:32.275601+00:00,109552.41,1.5981,109700.15,0.810762
BTC/USD,2025-05-27 07:53:32.275970+00:00,109489.566,2.3911,109700.15,0.810762
BTC/USD,2025-05-27 07:53:32.276252+00:00,109520.141,0.80311,109700.15,0.810762
BTC/USD,2025-05-27 07:53:32.276566+00:00,109520.141,0.80311,109768.19,1.619
BTC/USD,2025-05-27 07:53:32.276944+00:00,109520.141,0.80311,109673.68,0.8008
BTC/USD,2025-05-27 07:54:28.469557+00:00,109497.9,1.62,109673.68,0.8008
BTC/USD,2025-05-27 07:54:28.470508+00:00,109497.9,1.62,109723.2,1.59279
BTC/USD,2025-05-27 07:54:28.470520+00:00,109497.9,1.62,109578.6,0.8109
BTC/USD,2025-05-27 07:54:28.470675+00:00,109476.6,0.8028,109578.6,0.8109
BTC/USD,2025-05-27 07:54:54.923227+00:00,109476.6,0.802748829,109578.6,0.8109
BTC/USD,2025-05-27 07:54:55.134130+00:00,109403.88,1.6148,109578.6,0.8109
BTC/USD,2025-05-27 07:54:55.134423+00:00,109492.51,0.79781,109578.6,0.8109
BTC/USD,2025-05-27 07:54:55.134699+00:00,109492.51,0.79781,109634.294,1.6068
BTC/USD,2025-05-27 07:54:55.134778+00:00,109492.51,0.79781,109601.888,0.8018
BTC/USD,2025-05-27 08:00:00.502293+00:00,109447.488,1.607,109601.888,0.8018
BTC/USD,2025-05-27 08:00:00.502346+00:00,109520.251,0.7961,109601.888,0.8018
BTC/USD,2025-05-27 08:00:00.502462+00:00,109520.251,0.7961,109628.937,1.6181
BTC/USD,2025-05-27 08:00:00.503562+00:00,109520.251,0.7961,109671.18,0.8082
BTC/USD,2025-05-27 08:00:08.297992+00:00,109460.8,1.618,109671.18,0.8082
BTC/USD,2025-05-27 08:00:08.298036+00:00,109606.17,0.8101,109671.18,0.8082
BTC/USD,2025-05-27 08:00:08.298045+00:00,109606.17,0.8101,109699.14,1.612
BTC/USD,2025-05-27 08:00:08.298052+00:00,109606.17,0.8101,109697.0,0.8065
BTC/USD,2025-05-27 08:00:18.290532+00:00,109606.17,0.8101,109731.0,1.59993
BTC/USD,2025-05-27 08:00:18.290648+00:00,109543.4,1.599,109731.0,1.59993
BTC/USD,2025-05-27 08:00:18.290739+00:00,109646.98,0.795,109731.0,1.59993
BTC/USD,2025-05-27 08:00:18.290947+00:00,109646.98,0.795,109839.94,2.40523
BTC/USD,2025-05-27 08:00:18.291060+00:00,109646.98,0.795,109748.17,0.79868
BTC/USD,2025-05-27 08:00:18.879267+00:00,109646.98,0.795,109789.171,1.59543
BTC/USD,2025-05-27 08:00:18.879371+00:00,109611.596,1.6117,109789.171,1.59543
BTC/USD,2025-05-27 08:00:18.879472+00:00,109661.251,0.81094,109789.171,1.59543
BTC/USD,2025-05-27 08:00:18.879628+00:00,109661.251,0.81094,109852.09,2.4304
BTC/USD,2025-05-27 08:00:18.879871+00:00,109661.251,0.81094,109822.3,0.80556
BTC/USD,2025-05-27 08:00:18.880189+00:00,109676.25,1.6091,109822.3,0.80556
BTC/USD,2025-05-27 08:00:29.345968+00:00,109676.25,1.6091,109822.3,0.805515365
BTC/USD,2025-05-27 08:00:29.584107+00:00,109661.251,0.81094,109822.3,0.805515365
BTC/USD,2025-05-27 08:00:29.584877+00:00,109702.821,0.80571,109822.3,0.805515365
BTC/USD,2025-05-27 08:00:29.584986+00:00,109702.821,0.80571,109891.06,1.61442
BTC/USD,2025-05-27 08:00:29.585099+00:00,109702.821,0.80571,109845.77,0.8033
BTC/USD,2025-05-27 08:03:28.271437+00:00,109665.38,1.591,109845.77,0.8033
BTC/USD,2025-05-27 08:03:28.272040+00:00,109755.6,0.7994,109845.77,0.8033
BTC/USD,2025-05-27 08:03:28.272567+00:00,109755.6,0.7994,109890.6,1.6212
BTC/USD,2025-05-27 08:03:28.272692+00:00,109755.6,0.7994,109867.281,0.797146
BTC/USD,2025-05-27 08:03:38.933951+00:00,109681.957,1.61493,109867.281,0.797146
BTC/USD,2025-05-27 08:03:38.934137+00:00,109712.12,0.79861,109867.281,0.797146
BTC/USD,2025-05-27 08:03:38.934201+00:00,109712.12,0.79861,109932.183,1.61
BTC/USD,2025-05-27 08:03:38.934628+00:00,109712.12,0.79861,109827.766,0.8107
BTC/USD,2025-05-27 08:05:25.203962+00:00,109653.2,1.6,109827.766,0.8107
BTC/USD,2025-05-27 08:05:25.204235+00:00,109586.2,2.423,109827.766,0.8107
BTC/USD,2025-05-27 08:05:25.204394+00:00,109659.748,0.8083,109827.766,0.8107
BTC/USD,2025-05-27 08:05:25.204506+00:00,109659.748,0.8083,109835.85,1.6067
BTC/USD,2025-05-27 08:05:25.204632+00:00,109659.748,0.8083,109780.2,0.80094
BTC/USD,2025-05-27 08:05:27.700981+00:00,109578.342,1.5938,109780.2,0.80094
BTC/USD,2025-05-27 08:05:27.701307+00:00,109514.15,2.41464,109780.2,0.80094
BTC/USD,2025-05-27 08:05:27.701638+00:00,109566.6,0.8097,109780.2,0.80094
BTC/USD,2025-05-27 08:05:27.702300+00:00,109566.6,0.8097,109833.9,1.61468
BTC/USD,2025-05-27 08:05:27.702486+00:00,109566.6,0.8097,109695.0,0.7958
BTC/USD,2025-05-27 08:06:47.726255+00:00,109566.6,0.8097,109737.2,1.6099
BTC/USD,2025-05-27 08:06:47.726356+00:00,109516.41,1.59659,109737.2,1.6099
BTC/USD,2025-05-27 08:06:47.726479+00:00,109645.9,0.809525,109737.2,1.6099
BTC/USD,2025-05-27 08:06:47.726487+00:00,109645.9,0.809525,109829.3,2.43055
BTC/USD,2025-05-27 08:06:47.726628+00:00,109645.9,0.809525,109779.0,0.8104
BTC/USD,2025-05-27 08:09:11.204104+00:00,109594.9,1.59874,109779.0,0.8104
BTC/USD,2025-05-27 08:09:11.204290+00:00,109717.524,0.807315,109779.0,0.8104
BTC/USD,2025-05-27 08:09:11.204362+00:00,109717.524,0.807315,109785.6,1.59669
BTC/USD,2025-05-27 08:09:11.205648+00:00,109717.524,0.807315,109812.401,0.806
BTC/USD,2025-05-27 08:09:24.700610+00:00,109717.524,0.807315,109871.57,1.593
BTC/USD,2025-05-27 08:09:24.701167+00:00,109630.9,1.6033,109871.57,1.593
BTC/USD,2025-05-27 08:09:24.701505+00:00,109725.46,0.809255,109871.57,1.593
BTC/USD,2025-05-27 08:09:24.701691+00:00,109725.46,0.809255,109945.81,2.426
BTC/USD,2025-05-27 08:09:24.701848+00:00,109725.46,0.809255,109864.49,0.80669
BTC/USD,2025-05-27 08:10:02.252023+00:00,109723.7,1.62004,109864.49,0.80669
BTC/USD,2025-05-27 08:10:02.252703+00:00,109723.7,1.62004,109921.725,1.596
BTC/USD,2025-05-27 08:10:02.252720+00:00,109723.7,1.62004,109809.95,0.79676
BTC/USD,2025-05-27 08:10:02.252881+00:00,109711.699,0.80558,109809.95,0.79676
BTC/USD,2025-05-27 08:12:17.108252+00:00,109619.3,1.6178,109809.95,0.79676
BTC/USD,2025-05-27 08:12:17.108693+00:00,109568.98,2.39687,109809.95,0.79676
BTC/USD,2025-05-27 08:12:17.109218+00:00,109599.4,0.81099,109809.95,0.79676
BTC/USD,2025-05-27 08:12:17.109504+00:00,109599.4,0.81099,109836.554,1.59392
BTC/USD,2025-05-27 08:12:17.109609+00:00,109599.4,0.81099,109781.31,0.7976
BTC/USD,2025-05-27 08:17:22.420571+00:00,109565.2,1.59137,109781.31,0.7976
BTC/USD,2025-05-27 08:17:22.420938+00:00,109666.677,0.79917,109781.31,0.7976
BTC/USD,2025-05-27 08:17:22.421491+00:00,109666.677,0.79917,109806.06,1.61
BTC/USD,2025-05-27 08:17:22.421937+00:00,109666.677,0.79917,109798.923,0.8096
BTC/USD,2025-05-27 08:20:57.104063+00:00,109638.28,1.6048,109798.923,0.8096
BTC/USD,2025-05-27 08:20:57.104672+00:00,109638.28,1.6048,109844.807,1.60948
BTC/USD,2025-05-27 08:20:57.104983+00:00,109638.28,1.6048,109770.4,0.795776
BTC/USD,2025-05-27 08:20:57.105404+00:00,109624.907,0.809933,109770.4,0.795776
BTC/USD,2025-05-27 08:25:28.880732+00:00,109618.231,1.62074,109770.4,0.795776
BTC/USD,2025-05-27 08:25:28.881190+00:00,109702.953,0.7984,109770.4,0.795776
BTC/USD,2025-05-27 08:25:28.881502+00:00,109702.953,0.7984,109784.93,1.607
BTC/USD,2025-05-27 08:25:28.882477+00:00,109702.953,0.7984,109807.286,0.8031
BTC/USD,2025-05-27 08:26:28.485670+00:00,109668.1,1.591,109807.286,0.8031
BTC/USD,2025-05-27 08:26:28.486335+00:00,109594.87,2.3975,109807.286,0.8031
BTC/USD,2025-05-27 08:26:28.486639+00:00,109617.9,0.797772,109807.286,0.8031
BTC/USD,2025-05-27 08:26:28.486683+00:00,109617.9,0.797772,109863.15,1.5982
BTC/USD,2025-05-27 08:26:28.486848+00:00,109617.9,0.797772,109782.282,0.79788
BTC/USD,2025-05-27 08:30:09.283412+00:00,109588.2,1.61,109782.282,0.79788
BTC/USD,2025-05-27 08:30:09.283605+00:00,109666.36,0.807693,109782.282,0.79788
BTC/USD,2025-05-27 08:30:09.283978+00:00,109666.36,0.807693,109805.82,1.5951
BTC/USD,2025-05-27 08:30:09.284739+00:00,109669.754,1.605,109805.82,1.5951
BTC/USD,2025-05-27 08:30:09.284848+00:00,109669.754,1.605,109822.75,0.795861
BTC/USD,2025-05-27 08:30:23.962889+00:00,109669.754,1.605,109822.75,0.795816365
BTC/USD,2025-05-27 08:30:24.067014+00:00,109666.36,0.807693,109822.75,0.795816365
BTC/USD,2025-05-27 08:30:24.067581+00:00,109666.36,0.807693,109845.555,1.6005
BTC/USD,2025-05-27 08:30:24.067901+00:00,109666.36,0.807693,109768.69,0.800512
BTC/USD,2025-05-27 08:30:24.068167+00:00,109655.4,0.807165,109768.69,0.800512
BTC/USD,2025-05-27 08:31:33.869103+00:00,109628.081,1.6055,109768.69,0.800512
BTC/USD,2025-05-27 08:31:33.869959+00:00,109628.081,1.6055,109839.7,1.6
BTC/USD,2025-05-27 08:31:33.869976+00:00,109628.081,1.6055,109773.755,0.80411
BTC/USD,2025-05-27 08:31:33.870191+00:00,109600.9,0.8055,109773.755,0.80411
BTC/USD,2025-05-27 08:32:00.912808+00:00,109543.114,1.60094,109773.755,0.80411
BTC/USD,2025-05-27 08:32:00.912943+00:00,109553.9,0.8018,109773.755,0.80411
BTC/USD,2025-05-27 08:32:00.913077+00:00,109553.9,0.8018,109786.882,1.596
BTC/USD,2025-05-27 08:32:00.913327+00:00,109553.9,0.8018,109683.877,0.810541
BTC/USD,2025-05-27 08:32:34.339819+00:00,109500.0,0.005,109683.877,0.810541
BTC/USD,2025-05-27 08:32:34.339880+00:00,109625.4,0.8074,109683.877,0.810541
BTC/USD,2025-05-27 08:32:34.339967+00:00,109625.4,0.8074,109740.5,1.592
BTC/USD,2025-05-27 08:32:34.340955+00:00,109625.4,0.8074,109743.11,0.803636
BTC/USD,2025-05-27 08:36:18.184746+00:00,109625.4,0.806698175,109743.11,0.803636
BTC/USD,2025-05-27 08:36:18.390069+00:00,109538.828,1.60901,109743.11,0.803636
BTC/USD,2025-05-27 08:36:18.390477+00:00,109616.87,0.795694,109743.11,0.803636
BTC/USD,2025-05-27 08:36:18.390647+00:00,109616.87,0.795694,109802.48,1.59428
BTC/USD,2025-05-27 08:36:18.390696+00:00,109616.87,0.795694,109718.77,0.8055
BTC/USD,2025-05-27 08:36:54.274980+00:00,109558.685,1.5959,109718.77,0.8055
BTC/USD,2025-05-27 08:36:54.275465+00:00,109500.0,0.005,109718.77,0.8055
BTC/USD,2025-05-27 08:36:54.275824+00:00,109527.315,0.805227,109718.77,0.8055
BTC/USD,2025-05-27 08:36:54.276150+00:00,109527.315,0.805227,109804.719,1.61118
BTC/USD,2025-05-27 08:36:54.276549+00:00,109527.315,0.805227,109665.0,0.8097
BTC/USD,2025-05-27 08:37:20.501563+00:00,109500.0,0.005,109665.0,0.8097
BTC/USD,2025-05-27 08:37:20.501989+00:00,109500.0,0.005,109726.234,1.604
BTC/USD,2025-05-27 08:37:20.502214+00:00,109500.0,0.005,109612.621,0.804437
BTC/USD,2025-05-27 08:38:12.201550+00:00,109562.7,0.803975,109612.621,0.804437
BTC/USD,2025-05-27 08:38:12.201861+00:00,109562.7,0.803975,109640.98,1.612
BTC/USD,2025-05-27 08:38:12.202590+00:00,109562.7,0.803975,109708.272,2.412
BTC/USD,2025-05-27 08:38:12.202879+00:00,109562.7,0.803975,109706.46,1.594
BTC/USD,2025-05-27 08:39:02.716477+00:00,109521.85,1.59514,109706.46,1.594
BTC/USD,2025-05-27 08:39:02.716674+00:00,109612.87,0.7964,109706.46,1.594
BTC/USD,2025-05-27 08:39:02.716880+00:00,109612.87,0.7964,109715.42,0.80631
BTC/USD,2025-05-27 08:39:02.717127+00:00,109612.87,0.7964,109763.5,0.8094
BTC/USD,2025-05-27 08:44:17.677368+00:00,109569.9,1.6202,109763.5,0.8094
BTC/USD,2025-05-27 08:44:17.677542+00:00,109569.9,1.6202,109764.91,1.59197
BTC/USD,2025-05-27 08:44:17.677666+00:00,109569.9,1.6202,109682.8,0.796
BTC/USD,2025-05-27 08:44:17.677759+00:00,109511.7,0.809085,109682.8,0.796
BTC/USD,2025-05-27 08:44:17.677872+00:00,109538.4,1.6184,109682.8,0.796
BTC/USD,2025-05-27 08:45:01.305280+00:00,109511.7,0.809085,109682.8,0.796
BTC/USD,2025-05-27 08:45:01.306111+00:00,109573.544,0.799809,109682.8,0.796
BTC/USD,2025-05-27 08:45:01.306224+00:00,109573.544,0.799809,109733.938,1.6212
BTC/USD,2025-05-27 08:45:01.306286+00:00,109573.544,0.799809,109726.51,0.7987
BTC/USD,2025-05-27 08:53:56.702978+00:00,109573.544,0.799809,109791.145,1.59922
BTC/USD,2025-05-27 08:53:56.703022+00:00,109560.85,1.60574,109791.145,1.59922
BTC/USD,2025-05-27 08:53:56.703285+00:00,109624.958,0.801265,109791.145,1.59922
BTC/USD,2025-05-27 08:53:56.703499+00:00,109624.958,0.801265,109867.14,2.40702
BTC/USD,2025-05-27 08:53:56.703695+00:00,109624.958,0.801265,109815.05,0.795283
BTC/USD,2025-05-27 08:53:56.704898+00:00,109624.958,0.801265,109810.0,1.615
BTC/USD,2025-05-27 08:55:50.989543+00:00,109624.958,0.801265,109810.0,1.614120585
BTC/USD,2025-05-27 08:55:51.284003+00:00,109605.372,1.61496,109810.0,1.614120585
BTC/USD,2025-05-27 08:55:51.284107+00:00,109605.372,1.61496,109815.05,0.795283
BTC/USD,2025-05-27 08:55:51.284956+00:00,109605.372,1.61496,109756.219,0.80141
BTC/USD,2025-05-27 08:55:51.284967+00:00,109600.31,0.7981,109756.219,0.80141
BTC/USD,2025-05-27 08:59:07.874679+00:00,109570.99,1.61863,109756.219,0.80141
BTC/USD,2025-05-27 08:59:07.875148+00:00,109677.82,0.8083,109756.219,0.80141
BTC/USD,2025-05-27 08:59:07.875714+00:00,109677.82,0.8083,109771.82,1.6
BTC/USD,2025-05-27 08:59:07.876366+00:00,109677.82,0.8083,109832.2,0.806742
BTC/USD,2025-05-27 08:59:26.214047+00:00,109617.299,1.5936,109832.2,0.806742
BTC/USD,2025-05-27 08:59:26.214618+00:00,109707.943,0.7959,109832.2,0.806742
BTC/USD,2025-05-27 08:59:26.214920+00:00,109707.943,0.7959,109863.6,1.615
BTC/USD,2025-05-27 08:59:26.214989+00:00,109707.943,0.7959,109843.698,0.79573
BTC/USD,2025-05-27 09:00:29.265031+00:00,109707.943,0.7959,109843.698,0.795685374
BTC/USD,2025-05-27 09:00:29.483234+00:00,109621.21,1.599,109843.698,0.795685374
BTC/USD,2025-05-27 09:00:29.483736+00:00,109745.25,0.80895,109843.698,0.795685374
BTC/USD,2025-05-27 09:00:29.483946+00:00,109745.25,0.80895,109852.02,1.59671
BTC/USD,2025-05-27 09:00:29.484312+00:00,109745.25,0.80895,109843.144,0.802354
BTC/USD,2025-05-27 09:06:51.500640+00:00,109719.979,1.6218,109843.144,0.802354
BTC/USD,2025-05-27 09:06:51.500757+00:00,109597.12,2.395,109843.144,0.802354
BTC/USD,2025-05-27 09:06:51.500849+00:00,109672.79,0.80903,109843.144,0.802354
BTC/USD,2025-05-27 09:06:51.501016+00:00,109672.79,0.80903,109910.544,1.595
BTC/USD,2025-05-27 09:06:51.501322+00:00,109672.79,0.80903,109827.199,0.80525
BTC/USD,2025-05-27 09:07:25.275934+00:00,109640.057,1.6108,109827.199,0.80525
BTC/USD,2025-05-27 09:07:25.276567+00:00,109717.922,0.8083,109827.199,0.80525
BTC/USD,2025-05-27 09:07:25.276844+00:00,109717.922,0.8083,109842.6,1.5908
BTC/USD,2025-05-27 09:07:25.277985+00:00,109717.922,0.8083,109845.7,0.8108
BTC/USD,2025-05-27 09:10:01.708386+00:00,109686.41,1.591,109845.7,0.8108
BTC/USD,2025-05-27 09:10:01.708819+00:00,109686.41,1.591,109935.2,1.622
BTC/USD,2025-05-27 09:10:01.709104+00:00,109686.41,1.591,109788.0,0.8063
BTC/USD,2025-05-27 09:10:01.709203+00:00,109643.066,0.79753,109788.0,0.8063
BTC/USD,2025-05-27 09:10:19.072639+00:00,109643.066,0.79753,109873.198,1.61948
BTC/USD,2025-05-27 09:10:19.072686+00:00,109615.3,1.615,109873.198,1.61948
BTC/USD,2025-05-27 09:10:19.072720+00:00,109700.12,0.7965,109873.198,1.61948
BTC/USD,2025-05-27 09:10:19.072810+00:00,109700.12,0.7965,109936.03,2.417
BTC/USD,2025-05-27 09:10:19.072871+00:00,109700.12,0.7965,109871.218,0.803076
BTC/USD,2025-05-27 09:10:19.072980+00:00,109708.19,1.60383,109871.218,0.803076
BTC/USD,2025-05-27 09:10:37.316594+00:00,109708.19,1.600761106,109871.218,0.803076
BTC/USD,2025-05-27 09:10:37.647320+00:00,109700.12,0.7965,109871.218,0.803076
BTC/USD,2025-05-27 09:10:37.647854+00:00,109700.12,0.7965,109890.5,1.621
BTC/USD,2025-05-27 09:10:37.648216+00:00,109700.12,0.7965,109881.192,0.80968
BTC/USD,2025-05-27 09:10:37.648509+00:00,109699.757,0.80425,109881.192,0.80968
BTC/USD,2025-05-27 09:15:02.870585+00:00,109699.757,0.80425,109881.192,0.80718
BTC/USD,2025-05-27 09:15:03.090371+00:00,109644.5,1.61,109881.192,0.80718
BTC/USD,2025-05-27 09:15:03.090644+00:00,109717.93,0.805,109881.192,0.80718
BTC/USD,2025-05-27 09:15:03.090656+00:00,109717.93,0.805,109908.118,1.6095
BTC/USD,2025-05-27 09:15:03.090662+00:00,109717.93,0.805,109817.6,0.8099
BTC/USD,2025-05-27 09:16:08.480548+00:00,109678.356,1.602,109817.6,0.8099
BTC/USD,2025-05-27 09:16:08.481508+00:00,109682.08,0.8074,109817.6,0.8099
BTC/USD,2025-05-27 09:16:08.481607+00:00,109682.08,0.8074,109873.887,1.606
BTC/USD,2025-05-27 09:16:08.481808+00:00,109682.08,0.8074,109771.65,0.79924
BTC/USD,2025-05-27 09:16:32.107900+00:00,109618.8,1.60667,109771.65,0.79924
BTC/USD,2025-05-27 09:16:32.108138+00:00,109565.98,2.421,109771.65,0.79924
BTC/USD,2025-05-27 09:16:32.108632+00:00,109605.354,0.807724,109771.65,0.79924
BTC/USD,2025-05-27 09:16:32.108984+00:00,109605.354,0.807724,109813.9,1.59165
BTC/USD,2025-05-27 09:16:32.109430+00:00,109605.354,0.807724,109759.5,0.80696
BTC/USD,2025-05-27 09:16:32.109892+00:00,109605.354,0.807724,109757.79,1.6116
BTC/USD,2025-05-27 09:17:27.618936+00:00,109572.83,1.612,109757.79,1.6116
BTC/USD,2025-05-27 09:17:27.618968+00:00,109666.89,0.8075,109757.79,1.6116
BTC/USD,2025-05-27 09:17:27.619138+00:00,109666.89,0.8075,109759.5,0.80696
BTC/USD,2025-05-27 09:17:27.619451+00:00,109666.89,0.8075,109779.614,0.8045
BTC/USD,2025-05-27 09:19:53.403257+00:00,109648.016,1.6014,109779.614,0.8045
BTC/USD,2025-05-27 09:19:53.403755+00:00,109648.016,1.6014,109846.273,1.60759
BTC/USD,2025-05-27 09:19:53.404051+00:00,109648.016,1.6014,109727.0,0.799313
BTC/USD,2025-05-27 09:19:53.404475+00:00,109617.74,0.804629,109727.0,0.799313
BTC/USD,2025-05-27 09:21:47.326087+00:00,109572.702,1.606,109727.0,0.799313
BTC/USD,2025-05-27 09:21:47.326357+00:00,109500.74,2.408,109727.0,0.799313
BTC/USD,2025-05-27 09:21:47.326369+00:00,109525.032,0.80429,109727.0,0.799313
BTC/USD,2025-05-27 09:21:47.326430+00:00,109525.032,0.80429,109794.9,1.599
BTC/USD,2025-05-27 09:21:47.326511+00:00,109525.032,0.80429,109692.14,0.80495
BTC/USD,2025-05-27 09:22:14.535979+00:00,109525.032,0.80429,109692.14,0.804882521
BTC/USD,2025-05-27 09:22:14.749783+00:00,109500.0,0.005,109692.14,0.804882521
BTC/USD,2025-05-27 09:22:14.750508+00:00,109500.943,0.8104,109692.14,0.804882521
BTC/USD,2025-05-27 09:22:14.750667+00:00,109500.943,0.8104,109753.049,1.5974
BTC/USD,2025-05-27 09:22:14.750726+00:00,109500.943,0.8104,109693.58,0.80417
BTC/USD,2025-05-27 09:22:14.751278+00:00,109500.943,0.8104,109682.1,1.607
BTC/USD,2025-05-27 09:43:41.922378+00:00,109500.0,0.005,109682.1,1.607
BTC/USD,2025-05-27 09:43:41.922577+00:00,109500.0,0.005,109693.58,0.80417
BTC/USD,2025-05-27 09:43:41.922632+00:00,109500.0,0.005,109612.3,0.7969
BTC/USD,2025-05-27 09:43:57.872488+00:00,109500.0,0.005,109659.627,1.6122
BTC/USD,2025-05-27 09:43:57.872655+00:00,109500.0,0.005,109529.2,0.79519
BTC/USD,2025-05-27 09:44:31.482322+00:00,109500.0,0.005,109573.08,1.603
BTC/USD,2025-05-27 09:44:31.483080+00:00,109500.0,0.005,109669.226,2.4069
BTC/USD,2025-05-27 09:44:31.483535+00:00,109500.0,0.005,109604.63,0.804178
BTC/USD,2025-05-27 09:44:40.696283+00:00,109515.847,0.80782,109604.63,0.804178
BTC/USD,2025-05-27 09:44:40.696904+00:00,109515.847,0.80782,109626.31,1.6078
BTC/USD,2025-05-27 09:44:40.697426+00:00,109515.847,0.80782,109695.2,2.42116
BTC/USD,2025-05-27 09:44:40.697557+00:00,109515.847,0.80782,109683.19,1.6122
BTC/USD,2025-05-27 09:45:22.670750+00:00,109508.818,1.6002,109683.19,1.6122
BTC/USD,2025-05-27 09:45:22.671549+00:00,109551.94,0.79878,109683.19,1.6122
BTC/USD,2025-05-27 09:45:22.671636+00:00,109551.94,0.79878,109697.52,0.795334
BTC/USD,2025-05-27 09:45:22.671931+00:00,109551.94,0.79878,109700.524,0.8108
BTC/USD,2025-05-27 09:45:38.277823+00:00,109551.94,0.79878,109770.766,1.613
BTC/USD,2025-05-27 09:45:38.278295+00:00,109515.35,1.601,109770.766,1.613
BTC/USD,2025-05-27 09:45:38.278678+00:00,109615.4,0.8106,109770.766,1.613
BTC/USD,2025-05-27 09:45:38.278938+00:00,109615.4,0.8106,109805.645,2.4082
BTC/USD,2025-05-27 09:45:38.279593+00:00,109615.4,0.8106,109806.55,0.7951
BTC/USD,2025-05-27 09:45:47.707464+00:00,109611.09,1.6,109806.55,0.7951
BTC/USD,2025-05-27 09:45:47.708249+00:00,109702.19,0.809647,109806.55,0.7951
BTC/USD,2025-05-27 09:45:47.708760+00:00,109702.19,0.809647,109840.5,1.6037
BTC/USD,2025-05-27 09:45:47.709046+00:00,109702.19,0.809647,109810.048,0.8008
BTC/USD,2025-05-27 09:48:58.269716+00:00,109669.1,1.617,109810.048,0.8008
BTC/USD,2025-05-27 09:48:58.270760+00:00,109669.1,1.617,109878.5,1.6219
BTC/USD,2025-05-27 09:48:58.270768+00:00,109669.1,1.617,109757.3,0.81045
BTC/USD,2025-05-27 09:48:58.270848+00:00,109610.57,0.796718,109757.3,0.81045
BTC/USD,2025-05-27 09:50:37.305394+00:00,109610.57,0.796247141,109757.3,0.81045
BTC/USD,2025-05-27 09:50:37.533971+00:00,109574.1,1.603,109757.3,0.81045
BTC/USD,2025-05-27 09:50:37.533993+00:00,109653.93,0.800325,109757.3,0.81045
BTC/USD,2025-05-27 09:50:37.534115+00:00,109653.93,0.800325,109821.159,1.594
BTC/USD,2025-05-27 09:50:37.534371+00:00,109653.93,0.800325,109804.6,0.81018
BTC/USD,2025-05-27 09:51:37.110552+00:00,109653.93,0.798540368,109804.6,0.81018
BTC/USD,2025-05-27 09:51:37.284485+00:00,109651.22,1.612,109804.6,0.81018
BTC/USD,2025-05-27 09:51:37.284829+00:00,109722.2,0.81049,109804.6,0.81018
BTC/USD,2025-05-27 09:51:37.285217+00:00,109722.2,0.81049,109818.5,1.5904
BTC/USD,2025-05-27 09:51:37.285962+00:00,109722.2,0.81049,109868.742,0.798173
BTC/USD,2025-05-27 09:54:06.730781+00:00,109663.0,1.619,109868.742,0.798173
BTC/USD,2025-05-27 09:54:06.730895+00:00,109749.86,0.804336,109868.742,0.798173
BTC/USD,2025-05-27 09:54:06.730905+00:00,109749.86,0.804336,109898.181,1.6061
BTC/USD,2025-05-27 09:54:06.730930+00:00,109749.86,0.804336,109893.5,0.810531
BTC/USD,2025-05-27 09:54:08.687125+00:00,109749.86,0.804336,109946.17,1.606
BTC/USD,2025-05-27 09:54:08.687431+00:00,109737.5,1.5912,109946.17,1.606
BTC/USD,2025-05-27 09:54:08.687978+00:00,109854.85,0.8035,109946.17,1.606
BTC/USD,2025-05-27 09:54:08.688210+00:00,109854.85,0.8035,110001.46,2.38769
BTC/USD,2025-05-27 09:54:08.688320+00:00,109854.85,0.8035,109980.13,0.79849
BTC/USD,2025-05-27 09:55:34.125780+00:00,109854.85,0.8035,109980.13,0.797655409
BTC/USD,2025-05-27 09:55:34.460889+00:00,109802.645,1.6111,109980.13,0.797655409
BTC/USD,2025-05-27 09:55:34.461307+00:00,109833.0,0.80882,109980.13,0.797655409
BTC/USD,2025-05-27 09:55:34.461426+00:00,109833.0,0.80882,110009.361,1.596
BTC/USD,2025-05-27 09:55:34.461511+00:00,109833.0,0.80882,110003.43,0.808018
BTC/USD,2025-05-27 09:55:34.461687+00:00,109833.567,1.60537,110003.43,0.808018
BTC/USD,2025-05-27 09:59:09.671176+00:00,109833.0,0.80882,110003.43,0.808018
BTC/USD,2025-05-27 09:59:09.672222+00:00,109833.0,0.80882,110057.3,1.602
BTC/USD,2025-05-27 09:59:09.672463+00:00,109833.0,0.80882,109925.738,0.80741
BTC/USD,2025-05-27 09:59:09.672541+00:00,109780.63,2.40373,109925.738,0.80741
BTC/USD,2025-05-27 09:59:09.672934+00:00,109774.2,0.8007,109925.738,0.80741
BTC/USD,2025-05-27 10:00:25.563596+00:00,109774.2,0.8007,109925.738,0.807333746
BTC/USD,2025-05-27 10:00:25.666541+00:00,109759.211,1.61662,109925.738,0.807333746
BTC/USD,2025-05-27 10:00:25.666956+00:00,109800.864,0.80413,109925.738,0.807333746
BTC/USD,2025-05-27 10:00:25.667485+00:00,109800.864,0.80413,110011.57,1.6153
BTC/USD,2025-05-27 10:00:25.667678+00:00,109800.864,0.80413,109932.9,0.806416
BTC/USD,2025-05-27 10:07:33.684239+00:00,109797.7,1.6131,109932.9,0.806416
BTC/USD,2025-05-27 10:07:33.684715+00:00,109797.7,1.6131,109972.878,1.60585
BTC/USD,2025-05-27 10:07:33.684948+00:00,109797.7,1.6131,109925.382,0.795316
BTC/USD,2025-05-27 10:07:33.685343+00:00,109767.2,0.8044,109925.382,0.795316
BTC/USD,2025-05-27 10:15:17.905357+00:00,109752.253,1.6081,109925.382,0.795316
BTC/USD,2025-05-27 10:15:17.905909+00:00,109844.468,0.81009,109925.382,0.795316
BTC/USD,2025-05-27 10:15:17.906542+00:00,109844.468,0.81009,109928.173,1.5981
BTC/USD,2025-05-27 10:15:17.906890+00:00,109844.468,0.81009,109961.4,0.79549
BTC/USD,2025-05-27 10:18:25.001773+00:00,109844.468,0.81009,109961.4,0.794611796
BTC/USD,2025-05-27 10:18:25.325348+00:00,109794.796,1.61235,109961.4,0.794611796
BTC/USD,2025-05-27 10:18:25.326146+00:00,109816.1,0.81055,109961.4,0.794611796
BTC/USD,2025-05-27 10:18:25.326340+00:00,109816.1,0.81055,110002.39,1.601
BTC/USD,2025-05-27 10:18:25.326479+00:00,109816.1,0.81055,109960.576,0.8081
BTC/USD,2025-05-27 10:21:05.672753+00:00,109775.034,1.6175,109960.576,0.8081
BTC/USD,2025-05-27 10:21:05.673849+00:00,109775.034,1.6175,110011.7,1.60561
BTC/USD,2025-05-27 10:21:05.673923+00:00,109775.034,1.6175,109930.3,0.8067
BTC/USD,2025-05-27 10:21:05.674118+00:00,109750.66,0.80027,109930.3,0.8067
BTC/USD,2025-05-27 10:21:05.674511+00:00,109750.66,0.80027,109924.799,1.6044
BTC/USD,2025-05-27 10:25:35.144718+00:00,109705.6,1.6029,109924.799,1.6044
BTC/USD,2025-05-27 10:25:35.144838+00:00,109749.275,0.80042,109924.799,1.6044
BTC/USD,2025-05-27 10:25:35.145276+00:00,109749.275,0.80042,109930.3,0.8067
BTC/USD,2025-05-27 10:25:35.145541+00:00,109749.275,0.80042,109860.324,0.80991
BTC/USD,2025-05-27 10:26:28.754758+00:00,109686.7,1.59923,109860.324,0.80991
BTC/USD,2025-05-27 10:26:28.754940+00:00,109754.232,0.80314,109860.324,0.80991
BTC/USD,2025-05-27 10:26:28.754991+00:00,109754.232,0.80314,109906.9,1.6184
BTC/USD,2025-05-27 10:26:28.755466+00:00,109754.232,0.80314,109906.36,0.800774
BTC/USD,2025-05-27 10:29:34.543872+00:00,109701.2,1.5984,109906.36,0.800774
BTC/USD,2025-05-27 10:29:34.544496+00:00,109775.0,0.805269,109906.36,0.800774
BTC/USD,2025-05-27 10:29:34.544696+00:00,109775.0,0.805269,109924.5,1.61207
BTC/USD,2025-05-27 10:29:34.544784+00:00,109775.0,0.805269,109902.05,0.7968
BTC/USD,2025-05-27 10:30:25.610495+00:00,109775.0,0.805269,109902.05,0.796729706
BTC/USD,2025-05-27 10:30:25.718030+00:00,109705.7,1.594,109902.05,0.796729706
BTC/USD,2025-05-27 10:30:25.718267+00:00,109808.0,0.810003,109902.05,0.796729706
BTC/USD,2025-05-27 10:30:25.718416+00:00,109808.0,0.810003,109949.45,1.612
BTC/USD,2025-05-27 10:30:25.718606+00:00,109808.0,0.810003,109907.4,0.802288
BTC/USD,2025-05-27 10:30:46.473117+00:00,109750.8,1.60943,109907.4,0.802288
BTC/USD,2025-05-27 10:30:46.473874+00:00,109750.8,1.60943,109951.6,1.616
BTC/USD,2025-05-27 10:30:46.474443+00:00,109750.8,1.60943,109880.8,0.795663
BTC/USD,2025-05-27 10:30:46.474542+00:00,109743.88,0.798508,109880.8,0.795663
BTC/USD,2025-05-27 10:41:12.521407+00:00,109708.62,1.60402,109880.8,0.795663
BTC/USD,2025-05-27 10:41:12.521665+00:00,109711.04,0.7993,109880.8,0.795663
BTC/USD,2025-05-27 10:41:12.521803+00:00,109711.04,0.7993,109890.41,1.594
BTC/USD,2025-05-27 10:41:12.521816+00:00,109711.04,0.7993,109821.0,0.79672
BTC/USD,2025-05-27 10:42:46.917318+00:00,109641.55,1.593,109821.0,0.79672
BTC/USD,2025-05-27 10:42:46.917475+00:00,109584.4,2.429,109821.0,0.79672
BTC/USD,2025-05-27 10:42:46.917650+00:00,109612.29,0.7993,109821.0,0.79672
BTC/USD,2025-05-27 10:42:46.917815+00:00,109612.29,0.7993,109861.7,1.617
BTC/USD,2025-05-27 10:42:46.918068+00:00,109612.29,0.7993,109741.9,0.7966
BTC/USD,2025-05-27 10:48:42.069734+00:00,109612.29,0.7993,109795.8,1.62036
BTC/USD,2025-05-27 10:48:42.070124+00:00,109574.54,1.6077,109795.8,1.62036
BTC/USD,2025-05-27 10:48:42.070706+00:00,109708.3,0.79876,109795.8,1.62036
BTC/USD,2025-05-27 10:48:42.070878+00:00,109708.3,0.79876,109905.38,2.4156
BTC/USD,2025-05-27 10:48:42.070967+00:00,109708.3,0.79876,109809.4,0.801711
BTC/USD,2025-05-27 10:58:04.162898+00:00,109708.3,0.789095828,109809.4,0.801711
BTC/USD,2025-05-27 10:58:04.430242+00:00,109669.13,1.602,109809.4,0.801711
BTC/USD,2025-05-27 10:58:04.430853+00:00,109669.75,0.80748,109809.4,0.801711
BTC/USD,2025-05-27 10:58:04.430991+00:00,109669.75,0.80748,109855.5,1.61294
BTC/USD,2025-05-27 10:58:04.431260+00:00,109669.75,0.80748,109829.403,0.7976
BTC/USD,2025-05-27 10:58:04.431611+00:00,109669.75,0.80748,109807.394,1.61
BTC/USD,2025-05-27 11:02:04.101670+00:00,109669.75,0.80748,109807.394,1.60997251
BTC/USD,2025-05-27 11:02:04.323919+00:00,109604.3,1.6219,109807.394,1.60997251
BTC/USD,2025-05-27 11:02:04.324296+00:00,109652.3,0.8018,109807.394,1.60997251
BTC/USD,2025-05-27 11:02:04.324867+00:00,109652.3,0.8018,109829.403,0.7976
BTC/USD,2025-05-27 11:02:04.325024+00:00,109652.3,0.8018,109804.3,0.79604
BTC/USD,2025-05-27 11:09:54.073098+00:00,109586.286,1.61545,109804.3,0.79604
BTC/USD,2025-05-27 11:09:54.073677+00:00,109712.755,0.79581,109804.3,0.79604
BTC/USD,2025-05-27 11:09:54.074038+00:00,109712.755,0.79581,109847.06,1.6173
BTC/USD,2025-05-27 11:09:54.074547+00:00,109712.755,0.79581,109854.56,0.8008
BTC/USD,2025-05-27 11:10:09.076992+00:00,109645.4,1.61812,109854.56,0.8008
BTC/USD,2025-05-27 11:10:09.077631+00:00,109728.0,0.798308,109854.56,0.8008
BTC/USD,2025-05-27 11:10:09.078059+00:00,109728.0,0.798308,109876.8,1.611
BTC/USD,2025-05-27 11:10:09.078700+00:00,109738.389,1.6,109876.8,1.611
BTC/USD,2025-05-27 11:10:09.078727+00:00,109738.389,1.6,109904.4,0.8062
BTC/USD,2025-05-27 11:11:05.682780+00:00,109728.0,0.798308,109904.4,0.8062
BTC/USD,2025-05-27 11:11:05.683262+00:00,109728.0,0.798308,109940.5,1.5934
BTC/USD,2025-05-27 11:11:05.683448+00:00,109728.0,0.798308,109819.37,0.8028
BTC/USD,2025-05-27 11:11:05.683609+00:00,109667.095,0.7995,109819.37,0.8028
BTC/USD,2025-05-27 11:11:08.729268+00:00,109623.313,1.5908,109819.37,0.8028
BTC/USD,2025-05-27 11:11:08.729395+00:00,109626.04,0.80443,109819.37,0.8028
BTC/USD,2025-05-27 11:11:08.729724+00:00,109626.04,0.80443,109850.83,1.60188
BTC/USD,2025-05-27 11:11:08.729784+00:00,109626.04,0.80443,109762.7,0.796911
BTC/USD,2025-05-27 11:15:15.016699+00:00,109624.33,1.621,109762.7,0.796911
BTC/USD,2025-05-27 11:15:15.017941+00:00,109624.33,1.621,109780.918,1.61871
BTC/USD,2025-05-27 11:15:15.017951+00:00,109624.33,1.621,109691.097,0.80612
BTC/USD,2025-05-27 11:15:15.018132+00:00,109545.764,0.80583,109691.097,0.80612
BTC/USD,2025-05-27 11:15:15.018245+00:00,109552.96,1.60709,109691.097,0.80612
BTC/USD,2025-05-27 11:15:59.700358+00:00,109552.96,1.60709,109691.097,0.805767853
BTC/USD,2025-05-27 11:15:59.869282+00:00,109545.764,0.80583,109691.097,0.805767853
BTC/USD,2025-05-27 11:15:59.869582+00:00,109572.33,0.8041,109691.097,0.805767853
BTC/USD,2025-05-27 11:15:59.870049+00:00,109572.33,0.8041,109755.86,1.61528
BTC/USD,2025-05-27 11:15:59.870244+00:00,109572.33,0.8041,109733.964,0.80221
BTC/USD,2025-05-27 11:15:59.870926+00:00,109572.33,0.8041,109725.196,1.594
BTC/USD,2025-05-27 11:17:04.606431+00:00,109536.45,1.599,109725.196,1.594
BTC/USD,2025-05-27 11:17:04.606579+00:00,109536.45,1.599,109733.964,0.80221
BTC/USD,2025-05-27 11:17:04.606782+00:00,109536.45,1.599,109629.8,0.8045
BTC/USD,2025-05-27 11:17:04.607587+00:00,109500.0,0.005,109629.8,0.8045
BTC/USD,2025-05-27 11:17:36.382798+00:00,109500.0,0.005,109725.872,1.60675
BTC/USD,2025-05-27 11:17:36.383115+00:00,109500.0,0.005,109602.8,0.8074
BTC/USD,2025-05-27 11:20:38.284221+00:00,109506.5,0.8093,109602.8,0.8074
BTC/USD,2025-05-27 11:20:38.285042+00:00,109506.5,0.8093,109668.1,1.605
