symbol,timestamp,bid_price,bid_size,ask_price,ask_size
ETH/USD,2025-05-27 03:08:30.006484+00:00,2545.513,12.5699,2549.7,24.86
ETH/USD,2025-05-27 03:08:30.006631+00:00,2544.1,25.1926,2549.7,24.86
ETH/USD,2025-05-27 03:08:30.006965+00:00,2545.71,12.5695,2549.7,24.86
ETH/USD,2025-05-27 03:08:30.006989+00:00,2545.71,12.5695,2551.473,37.409
ETH/USD,2025-05-27 03:08:30.007177+00:00,2545.71,12.5695,2548.9,12.4743
ETH/USD,2025-05-27 03:09:13.099035+00:00,2545.71,12.5695,2551.086,24.92
ETH/USD,2025-05-27 03:09:13.099407+00:00,2545.1,25.081,2551.086,24.92
ETH/USD,2025-05-27 03:09:13.099715+00:00,2547.102,12.494,2551.086,24.92
ETH/USD,2025-05-27 03:09:13.099855+00:00,2547.102,12.494,2552.79,37.3878
ETH/USD,2025-05-27 03:09:13.099864+00:00,2547.102,12.494,2550.7,12.504
ETH/USD,2025-05-27 03:09:45.603041+00:00,2546.68,24.884,2550.7,12.504
ETH/USD,2025-05-27 03:09:45.603382+00:00,2546.9,12.5349,2550.7,12.504
ETH/USD,2025-05-27 03:09:45.603714+00:00,2546.9,12.5349,2551.125,25.0508
ETH/USD,2025-05-27 03:09:45.603925+00:00,2546.9,12.5349,2549.7,12.438
ETH/USD,2025-05-27 03:10:07.071412+00:00,2545.489,25.14,2549.7,12.438
ETH/USD,2025-05-27 03:10:07.071645+00:00,2544.034,37.7962,2549.7,12.438
ETH/USD,2025-05-27 03:10:07.071678+00:00,2544.959,12.537,2549.7,12.438
ETH/USD,2025-05-27 03:10:07.071804+00:00,2544.959,12.537,2550.1,24.8649
ETH/USD,2025-05-27 03:10:07.071922+00:00,2544.959,12.537,2548.2,12.5882
ETH/USD,2025-05-27 03:11:41.100756+00:00,2543.463,24.8232,2548.2,12.5882
ETH/USD,2025-05-27 03:11:41.101556+00:00,2545.96,12.54,2548.2,12.5882
ETH/USD,2025-05-27 03:11:41.101567+00:00,2545.96,12.54,2549.3,25.205
ETH/USD,2025-05-27 03:11:41.102445+00:00,2546.2,25.27,2549.3,25.205
ETH/USD,2025-05-27 03:11:41.102639+00:00,2546.2,25.27,2550.0,37.78
ETH/USD,2025-05-27 03:11:41.102938+00:00,2546.2,25.27,2550.168,12.623
ETH/USD,2025-05-27 03:11:42.106928+00:00,2545.96,12.54,2550.168,12.623
ETH/USD,2025-05-27 03:11:42.107368+00:00,2547.23,12.53,2550.168,12.623
ETH/USD,2025-05-27 03:11:42.107839+00:00,2547.23,12.53,2551.358,25.015
ETH/USD,2025-05-27 03:11:42.108645+00:00,2547.587,25.1039,2551.358,25.015
ETH/USD,2025-05-27 03:11:42.108750+00:00,2547.587,25.1039,2551.4,12.6038
ETH/USD,2025-05-27 03:11:42.108897+00:00,2547.587,25.1039,2551.19,24.784
ETH/USD,2025-05-27 03:11:46.410820+00:00,2547.23,12.53,2551.19,24.784
ETH/USD,2025-05-27 03:11:46.411017+00:00,2548.781,12.534,2551.19,24.784
ETH/USD,2025-05-27 03:11:46.411218+00:00,2548.781,12.534,2551.4,12.6038
ETH/USD,2025-05-27 03:11:46.411746+00:00,2548.781,12.534,2553.1,12.399
ETH/USD,2025-05-27 03:11:46.411981+00:00,2548.781,12.534,2552.6,25.0687
ETH/USD,2025-05-27 03:12:04.162842+00:00,2548.465,25.23,2552.6,25.0687
ETH/USD,2025-05-27 03:12:04.163117+00:00,2550.9,12.46,2552.6,25.0687
ETH/USD,2025-05-27 03:12:04.163785+00:00,2550.9,12.46,2553.1,12.399
ETH/USD,2025-05-27 03:12:04.164244+00:00,2550.9,12.46,2553.896,12.613
ETH/USD,2025-05-27 03:12:04.553370+00:00,2549.27,25.13,2553.896,12.613
ETH/USD,2025-05-27 03:12:04.553543+00:00,2551.7,12.539,2553.896,12.613
ETH/USD,2025-05-27 03:12:04.553673+00:00,2551.7,12.539,2554.1,24.83
ETH/USD,2025-05-27 03:12:04.554266+00:00,2551.7,12.539,2554.55,12.472
ETH/USD,2025-05-27 03:12:04.888019+00:00,2551.7,12.539,2556.11,25.02
ETH/USD,2025-05-27 03:12:04.888233+00:00,2550.9,25.0002,2556.11,25.02
ETH/USD,2025-05-27 03:12:04.888420+00:00,2553.564,12.593,2556.11,25.02
ETH/USD,2025-05-27 03:12:04.888581+00:00,2553.564,12.593,2556.8,37.442
ETH/USD,2025-05-27 03:12:04.888593+00:00,2553.564,12.593,2556.67,12.6344
ETH/USD,2025-05-27 03:12:04.889414+00:00,2553.564,12.593,2556.48,25.11
ETH/USD,2025-05-27 03:12:07.127688+00:00,2552.8,25.24,2556.48,25.11
ETH/USD,2025-05-27 03:12:07.127981+00:00,2554.207,12.4219,2556.48,25.11
ETH/USD,2025-05-27 03:12:07.128177+00:00,2554.207,12.4219,2556.67,12.6344
ETH/USD,2025-05-27 03:12:07.128866+00:00,2554.207,12.4219,2557.581,12.42
ETH/USD,2025-05-27 03:12:07.480395+00:00,2552.94,24.95,2557.581,12.42
ETH/USD,2025-05-27 03:12:07.480723+00:00,2556.1,12.536,2557.581,12.42
ETH/USD,2025-05-27 03:12:07.481035+00:00,2556.1,12.536,2558.36,25.0815
ETH/USD,2025-05-27 03:12:07.481398+00:00,2556.1,12.536,2558.321,12.42
ETH/USD,2025-05-27 03:12:08.316529+00:00,2556.1,12.536,2559.6,24.9855
ETH/USD,2025-05-27 03:12:08.317242+00:00,2555.29,25.26,2559.6,24.9855
ETH/USD,2025-05-27 03:12:08.317657+00:00,2556.5,12.59,2559.6,24.9855
ETH/USD,2025-05-27 03:12:08.317724+00:00,2556.5,12.59,2562.2,37.3236
ETH/USD,2025-05-27 03:12:08.317826+00:00,2556.5,12.59,2561.07,12.39
ETH/USD,2025-05-27 03:12:14.270335+00:00,2556.48,24.84,2561.07,12.39
ETH/USD,2025-05-27 03:12:14.270412+00:00,2556.48,24.84,2561.38,25.12
ETH/USD,2025-05-27 03:12:14.270663+00:00,2556.48,24.84,2558.4,12.501
ETH/USD,2025-05-27 03:12:14.270839+00:00,2555.1,12.62,2558.4,12.501
ETH/USD,2025-05-27 03:13:20.720366+00:00,2554.67,25.12,2558.4,12.501
ETH/USD,2025-05-27 03:13:20.721148+00:00,2554.67,25.12,2559.12,25.1206
ETH/USD,2025-05-27 03:13:20.721498+00:00,2554.67,25.12,2557.9,12.415
ETH/USD,2025-05-27 03:13:20.721690+00:00,2553.9,37.7015,2557.9,12.415
ETH/USD,2025-05-27 03:13:20.722328+00:00,2553.76,12.578,2557.9,12.415
ETH/USD,2025-05-27 03:13:31.986834+00:00,2553.2,24.85,2557.9,12.415
ETH/USD,2025-05-27 03:13:31.986990+00:00,2555.1,12.564,2557.9,12.415
ETH/USD,2025-05-27 03:13:31.987183+00:00,2555.1,12.564,2559.103,24.821
ETH/USD,2025-05-27 03:13:31.987291+00:00,2555.1,12.564,2558.8,12.5899
ETH/USD,2025-05-27 03:13:31.987662+00:00,2555.485,25.0,2558.8,12.5899
ETH/USD,2025-05-27 03:13:34.428577+00:00,2555.1,12.564,2558.8,12.5899
ETH/USD,2025-05-27 03:13:34.429044+00:00,2556.988,12.5082,2558.8,12.5899
ETH/USD,2025-05-27 03:13:34.429116+00:00,2556.988,12.5082,2560.326,24.785
ETH/USD,2025-05-27 03:13:34.430417+00:00,2556.988,12.5082,2560.43,12.44
ETH/USD,2025-05-27 03:13:35.293168+00:00,2555.6,25.028,2560.43,12.44
ETH/USD,2025-05-27 03:13:35.293293+00:00,2558.81,12.609,2560.43,12.44
ETH/USD,2025-05-27 03:13:35.293516+00:00,2558.81,12.609,2560.512,25.09
ETH/USD,2025-05-27 03:13:35.294681+00:00,2558.81,12.609,2561.8,12.58
ETH/USD,2025-05-27 03:13:41.604845+00:00,2556.937,24.82,2561.8,12.58
ETH/USD,2025-05-27 03:13:41.604873+00:00,2557.015,12.47,2561.8,12.58
ETH/USD,2025-05-27 03:13:41.604882+00:00,2557.015,12.47,2562.2,25.2026
ETH/USD,2025-05-27 03:13:41.604928+00:00,2557.015,12.47,2559.94,12.406
ETH/USD,2025-05-27 03:14:03.704610+00:00,2557.015,12.47,2561.24,25.275
ETH/USD,2025-05-27 03:14:03.704888+00:00,2556.836,24.95,2561.24,25.275
ETH/USD,2025-05-27 03:14:03.704985+00:00,2558.55,12.53,2561.24,25.275
ETH/USD,2025-05-27 03:14:03.705257+00:00,2558.55,12.53,2562.62,37.2
ETH/USD,2025-05-27 03:14:03.705529+00:00,2558.55,12.53,2562.03,12.53
ETH/USD,2025-05-27 03:14:08.658998+00:00,2557.8,24.909,2562.03,12.53
ETH/USD,2025-05-27 03:14:08.659179+00:00,2559.1,12.531,2562.03,12.53
ETH/USD,2025-05-27 03:14:08.659193+00:00,2559.1,12.531,2562.66,24.84
ETH/USD,2025-05-27 03:14:08.659783+00:00,2559.1,12.531,2563.0,12.4651
ETH/USD,2025-05-27 03:14:13.071950+00:00,2558.605,24.9876,2563.0,12.4651
ETH/USD,2025-05-27 03:14:13.072407+00:00,2559.032,12.547,2563.0,12.4651
ETH/USD,2025-05-27 03:14:13.072721+00:00,2559.032,12.547,2563.5,24.8114
ETH/USD,2025-05-27 03:14:13.072986+00:00,2559.032,12.547,2561.1,12.64
ETH/USD,2025-05-27 03:14:14.078890+00:00,2557.973,25.27,2561.1,12.64
ETH/USD,2025-05-27 03:14:14.079144+00:00,2555.464,37.86,2561.1,12.64
ETH/USD,2025-05-27 03:14:14.079476+00:00,2557.1,12.55,2561.1,12.64
ETH/USD,2025-05-27 03:14:14.079491+00:00,2557.1,12.55,2562.51,24.97
ETH/USD,2025-05-27 03:14:14.079871+00:00,2557.1,12.55,2560.23,12.482
ETH/USD,2025-05-27 03:15:02.686013+00:00,2555.438,25.024,2560.23,12.482
ETH/USD,2025-05-27 03:15:02.686101+00:00,2558.801,12.48,2560.23,12.482
ETH/USD,2025-05-27 03:15:02.686121+00:00,2558.801,12.48,2561.955,24.975
ETH/USD,2025-05-27 03:15:02.686676+00:00,2558.801,12.48,2562.0,12.46
ETH/USD,2025-05-27 03:15:08.511833+00:00,2557.7,25.01,2562.0,12.46
ETH/USD,2025-05-27 03:15:08.512395+00:00,2555.365,37.43,2562.0,12.46
ETH/USD,2025-05-27 03:15:08.512602+00:00,2557.601,12.505,2562.0,12.46
ETH/USD,2025-05-27 03:15:08.512727+00:00,2557.601,12.505,2562.135,25.251
ETH/USD,2025-05-27 03:15:08.512854+00:00,2557.601,12.505,2559.89,12.55
ETH/USD,2025-05-27 03:15:32.328398+00:00,2556.047,25.1259,2559.89,12.55
ETH/USD,2025-05-27 03:15:32.328636+00:00,2554.1,37.605,2559.89,12.55
ETH/USD,2025-05-27 03:15:32.328894+00:00,2555.7,12.499,2559.89,12.55
ETH/USD,2025-05-27 03:15:32.329197+00:00,2555.7,12.499,2561.0,24.811
ETH/USD,2025-05-27 03:15:32.329619+00:00,2555.7,12.499,2558.8,12.4308
ETH/USD,2025-05-27 03:16:00.494218+00:00,2555.5,24.87,2558.8,12.4308
ETH/USD,2025-05-27 03:16:00.494693+00:00,2556.24,12.565,2558.8,12.4308
ETH/USD,2025-05-27 03:16:00.494703+00:00,2556.24,12.565,2559.998,25.1687
ETH/USD,2025-05-27 03:16:00.494953+00:00,2556.608,25.181,2559.998,25.1687
ETH/USD,2025-05-27 03:16:00.495088+00:00,2556.608,25.181,2560.21,12.511
ETH/USD,2025-05-27 03:16:06.914048+00:00,2556.24,12.565,2560.21,12.511
ETH/USD,2025-05-27 03:16:06.914211+00:00,2557.897,12.542,2560.21,12.511
ETH/USD,2025-05-27 03:16:06.914222+00:00,2557.897,12.542,2561.428,25.071
ETH/USD,2025-05-27 03:16:06.914502+00:00,2558.15,24.9384,2561.428,25.071
ETH/USD,2025-05-27 03:16:06.914725+00:00,2558.15,24.9384,2561.783,12.4274
ETH/USD,2025-05-27 03:16:10.914093+00:00,2557.897,12.542,2561.783,12.4274
ETH/USD,2025-05-27 03:16:10.914226+00:00,2560.1,12.494,2561.783,12.4274
ETH/USD,2025-05-27 03:16:10.914571+00:00,2560.1,12.494,2563.0,25.067
ETH/USD,2025-05-27 03:16:10.915738+00:00,2560.1,12.494,2563.4,12.559
ETH/USD,2025-05-27 03:16:13.012236+00:00,2558.19,25.1176,2563.4,12.559
ETH/USD,2025-05-27 03:16:13.012357+00:00,2561.5,12.5095,2563.4,12.559
ETH/USD,2025-05-27 03:16:13.012473+00:00,2561.5,12.5095,2564.1,25.25
ETH/USD,2025-05-27 03:16:13.012679+00:00,2561.5,12.5095,2564.04,12.452
ETH/USD,2025-05-27 03:16:27.504426+00:00,2560.55,25.0774,2564.04,12.452
ETH/USD,2025-05-27 03:16:27.504602+00:00,2557.9,37.4652,2564.04,12.452
ETH/USD,2025-05-27 03:16:27.504687+00:00,2559.5,12.623,2564.04,12.452
ETH/USD,2025-05-27 03:16:27.504781+00:00,2559.5,12.623,2564.83,24.95
ETH/USD,2025-05-27 03:16:27.504824+00:00,2559.5,12.623,2562.57,12.639
ETH/USD,2025-05-27 03:16:44.471926+00:00,2559.093,24.98,2562.57,12.639
ETH/USD,2025-05-27 03:16:44.472695+00:00,2559.093,24.98,2563.9,24.97
ETH/USD,2025-05-27 03:16:44.472948+00:00,2559.093,24.98,2562.1,12.558
ETH/USD,2025-05-27 03:16:44.473193+00:00,2558.8,12.62,2562.1,12.558
ETH/USD,2025-05-27 03:17:00.386951+00:00,2557.391,24.82,2562.1,12.558
ETH/USD,2025-05-27 03:17:00.387315+00:00,2557.845,12.569,2562.1,12.558
ETH/USD,2025-05-27 03:17:00.387634+00:00,2557.845,12.569,2562.727,24.931
ETH/USD,2025-05-27 03:17:00.387746+00:00,2557.845,12.569,2560.31,12.6283
ETH/USD,2025-05-27 03:17:15.497949+00:00,2556.54,24.91,2560.31,12.6283
ETH/USD,2025-05-27 03:17:15.498279+00:00,2559.205,12.4849,2560.31,12.6283
ETH/USD,2025-05-27 03:17:15.498698+00:00,2559.205,12.4849,2560.7,25.1643
ETH/USD,2025-05-27 03:17:15.499465+00:00,2559.205,12.4849,2561.475,12.588
ETH/USD,2025-05-27 03:17:20.884272+00:00,2559.205,12.4849,2562.771,24.946
ETH/USD,2025-05-27 03:17:20.884508+00:00,2557.05,25.2363,2562.771,24.946
ETH/USD,2025-05-27 03:17:20.884733+00:00,2560.619,12.5208,2562.771,24.946
ETH/USD,2025-05-27 03:17:20.884841+00:00,2560.619,12.5208,2564.34,37.5
ETH/USD,2025-05-27 03:17:20.885389+00:00,2560.619,12.5208,2562.72,12.61
ETH/USD,2025-05-27 03:17:23.272831+00:00,2560.619,12.5208,2564.129,25.0039
ETH/USD,2025-05-27 03:17:23.273085+00:00,2558.37,25.0,2564.129,25.0039
ETH/USD,2025-05-27 03:17:23.273459+00:00,2561.9,12.621,2564.129,25.0039
ETH/USD,2025-05-27 03:17:23.273526+00:00,2561.9,12.621,2565.76,37.1726
ETH/USD,2025-05-27 03:17:23.273631+00:00,2561.9,12.621,2564.8,12.58
ETH/USD,2025-05-27 03:17:24.626681+00:00,2560.65,25.186,2564.8,12.58
ETH/USD,2025-05-27 03:17:24.627102+00:00,2563.0,12.3971,2564.8,12.58
ETH/USD,2025-05-27 03:17:24.627828+00:00,2563.0,12.3971,2565.07,25.26
ETH/USD,2025-05-27 03:17:24.628200+00:00,2563.0,12.3971,2566.473,12.56
ETH/USD,2025-05-27 03:17:24.628497+00:00,2563.0,12.3971,2566.3,24.83
ETH/USD,2025-05-27 03:17:27.489745+00:00,2561.19,24.848,2566.3,24.83
ETH/USD,2025-05-27 03:17:27.489985+00:00,2564.159,12.493,2566.3,24.83
ETH/USD,2025-05-27 03:17:27.490187+00:00,2564.159,12.493,2566.473,12.56
ETH/USD,2025-05-27 03:17:27.491123+00:00,2564.159,12.493,2567.1,12.39
ETH/USD,2025-05-27 03:17:34.669999+00:00,2563.06,24.9143,2567.1,12.39
ETH/USD,2025-05-27 03:17:34.670204+00:00,2563.06,24.9143,2568.651,25.275
ETH/USD,2025-05-27 03:17:34.670303+00:00,2563.06,24.9143,2565.409,12.547
ETH/USD,2025-05-27 03:17:34.670572+00:00,2562.9,12.46,2565.409,12.547
ETH/USD,2025-05-27 03:17:48.672351+00:00,2562.51,25.2176,2565.409,12.547
ETH/USD,2025-05-27 03:17:48.673011+00:00,2562.51,25.2176,2566.696,25.0147
ETH/USD,2025-05-27 03:17:48.673232+00:00,2562.51,25.2176,2564.592,12.4345
ETH/USD,2025-05-27 03:17:48.673273+00:00,2561.134,12.58,2564.592,12.4345
ETH/USD,2025-05-27 03:18:03.115578+00:00,2559.9,25.2521,2564.592,12.4345
ETH/USD,2025-05-27 03:18:03.115889+00:00,2562.0,12.439,2564.592,12.4345
ETH/USD,2025-05-27 03:18:03.115973+00:00,2562.0,12.439,2566.055,24.886
ETH/USD,2025-05-27 03:18:03.116461+00:00,2562.199,24.98,2566.055,24.886
ETH/USD,2025-05-27 03:18:03.116545+00:00,2562.199,24.98,2566.38,12.43
ETH/USD,2025-05-27 03:18:07.878963+00:00,2562.0,12.439,2566.38,12.43
ETH/USD,2025-05-27 03:18:07.879840+00:00,2562.0,12.439,2567.57,25.1544
ETH/USD,2025-05-27 03:18:07.879967+00:00,2562.0,12.439,2564.4,12.5025
ETH/USD,2025-05-27 03:18:07.880119+00:00,2561.106,12.56,2564.4,12.5025
ETH/USD,2025-05-27 03:18:17.846769+00:00,2560.702,25.177,2564.4,12.5025
ETH/USD,2025-05-27 03:18:17.847328+00:00,2560.702,25.177,2565.4,25.1
ETH/USD,2025-05-27 03:18:17.847346+00:00,2560.702,25.177,2564.145,12.4404
ETH/USD,2025-05-27 03:18:17.847456+00:00,2559.99,12.58,2564.145,12.4404
ETH/USD,2025-05-27 03:19:00.873932+00:00,2559.113,25.228,2564.145,12.4404
ETH/USD,2025-05-27 03:19:00.874479+00:00,2559.329,12.56,2564.145,12.4404
ETH/USD,2025-05-27 03:19:00.874742+00:00,2559.329,12.56,2564.5,25.039
ETH/USD,2025-05-27 03:19:00.875363+00:00,2559.329,12.56,2562.94,12.5891
ETH/USD,2025-05-27 03:19:41.301825+00:00,2557.9,25.195,2562.94,12.5891
ETH/USD,2025-05-27 03:19:41.301955+00:00,2556.54,37.664,2562.94,12.5891
ETH/USD,2025-05-27 03:19:41.302307+00:00,2557.9,12.526,2562.94,12.5891
ETH/USD,2025-05-27 03:19:41.302575+00:00,2557.9,12.526,2563.5,25.0487
ETH/USD,2025-05-27 03:19:41.302962+00:00,2557.9,12.526,2560.585,12.57
ETH/USD,2025-05-27 03:19:51.677526+00:00,2557.9,12.526,2562.19,24.903
ETH/USD,2025-05-27 03:19:51.677870+00:00,2556.1,25.052,2562.19,24.903
ETH/USD,2025-05-27 03:19:51.678294+00:00,2559.68,12.61,2562.19,24.903
ETH/USD,2025-05-27 03:19:51.678555+00:00,2559.68,12.61,2562.79,37.46
ETH/USD,2025-05-27 03:19:51.678613+00:00,2559.68,12.61,2562.3,12.43
ETH/USD,2025-05-27 03:20:11.893479+00:00,2558.769,24.8048,2562.3,12.43
ETH/USD,2025-05-27 03:20:11.893925+00:00,2556.47,37.6603,2562.3,12.43
ETH/USD,2025-05-27 03:20:11.894472+00:00,2558.311,12.49,2562.3,12.43
ETH/USD,2025-05-27 03:20:11.894912+00:00,2558.311,12.49,2562.56,25.1077
ETH/USD,2025-05-27 03:20:11.894966+00:00,2558.311,12.49,2561.6,12.53
ETH/USD,2025-05-27 03:20:11.895365+00:00,2558.311,12.49,2561.3,25.1104
ETH/USD,2025-05-27 03:20:52.337545+00:00,2556.96,24.91,2561.3,25.1104
ETH/USD,2025-05-27 03:20:52.337562+00:00,2555.942,37.7104,2561.3,25.1104
ETH/USD,2025-05-27 03:20:52.337704+00:00,2556.73,12.432,2561.3,25.1104
ETH/USD,2025-05-27 03:20:52.337713+00:00,2556.73,12.432,2561.6,12.53
ETH/USD,2025-05-27 03:20:52.337877+00:00,2556.73,12.432,2560.169,12.437
ETH/USD,2025-05-27 03:20:52.338146+00:00,2556.73,12.432,2559.8,24.78
ETH/USD,2025-05-27 03:21:11.916441+00:00,2554.95,25.208,2559.8,24.78
ETH/USD,2025-05-27 03:21:11.916568+00:00,2554.48,37.5235,2559.8,24.78
ETH/USD,2025-05-27 03:21:11.916703+00:00,2554.552,12.45,2559.8,24.78
ETH/USD,2025-05-27 03:21:11.917188+00:00,2554.552,12.45,2560.169,12.437
ETH/USD,2025-05-27 03:21:11.917345+00:00,2554.552,12.45,2557.615,12.4362
ETH/USD,2025-05-27 03:21:23.106953+00:00,2554.552,12.45,2559.074,24.982
ETH/USD,2025-05-27 03:21:23.107310+00:00,2553.48,25.184,2559.074,24.982
ETH/USD,2025-05-27 03:21:23.107842+00:00,2556.01,12.452,2559.074,24.982
ETH/USD,2025-05-27 03:21:23.107874+00:00,2556.01,12.452,2560.08,37.6432
ETH/USD,2025-05-27 03:21:23.108317+00:00,2556.01,12.452,2560.3,12.56
ETH/USD,2025-05-27 03:22:08.408457+00:00,2555.75,25.097,2560.3,12.56
ETH/USD,2025-05-27 03:22:08.408972+00:00,2555.75,25.097,2561.0,25.16
ETH/USD,2025-05-27 03:22:08.409104+00:00,2555.75,25.097,2558.925,12.569
ETH/USD,2025-05-27 03:22:08.409148+00:00,2554.9,12.5259,2558.925,12.569
ETH/USD,2025-05-27 03:23:24.108050+00:00,2553.429,24.89,2558.925,12.569
ETH/USD,2025-05-27 03:23:24.108297+00:00,2553.6,12.571,2558.925,12.569
ETH/USD,2025-05-27 03:23:24.108534+00:00,2553.6,12.571,2559.401,25.107
ETH/USD,2025-05-27 03:23:24.108816+00:00,2553.6,12.571,2556.8,12.58
ETH/USD,2025-05-27 03:28:46.670700+00:00,2552.541,24.951,2556.8,12.58
ETH/USD,2025-05-27 03:28:46.671175+00:00,2552.541,24.951,2557.76,24.8504
ETH/USD,2025-05-27 03:28:46.671484+00:00,2552.541,24.951,2555.503,12.62
ETH/USD,2025-05-27 03:28:46.671922+00:00,2551.627,12.59,2555.503,12.62
ETH/USD,2025-05-27 03:29:13.269543+00:00,2551.04,24.99,2555.503,12.62
ETH/USD,2025-05-27 03:29:13.269988+00:00,2554.161,12.55,2555.503,12.62
ETH/USD,2025-05-27 03:29:13.270138+00:00,2554.161,12.55,2555.913,24.8
ETH/USD,2025-05-27 03:29:13.270967+00:00,2554.161,12.55,2556.977,12.59
ETH/USD,2025-05-27 03:29:51.670726+00:00,2552.745,25.02,2556.977,12.59
ETH/USD,2025-05-27 03:29:51.670889+00:00,2550.6,37.44,2556.977,12.59
ETH/USD,2025-05-27 03:29:51.671286+00:00,2551.68,12.6346,2556.977,12.59
ETH/USD,2025-05-27 03:29:51.671559+00:00,2551.68,12.6346,2557.87,24.93
ETH/USD,2025-05-27 03:29:51.671678+00:00,2551.68,12.6346,2555.5,12.464
ETH/USD,2025-05-27 03:31:40.684439+00:00,2550.96,25.006,2555.5,12.464
ETH/USD,2025-05-27 03:31:40.684530+00:00,2552.73,12.569,2555.5,12.464
ETH/USD,2025-05-27 03:31:40.684737+00:00,2552.73,12.569,2556.88,24.7856
ETH/USD,2025-05-27 03:31:40.685569+00:00,2552.73,12.569,2557.01,12.5749
ETH/USD,2025-05-27 03:31:40.685605+00:00,2552.73,12.569,2556.8,24.89
ETH/USD,2025-05-27 03:31:44.514117+00:00,2552.42,25.13,2556.8,24.89
ETH/USD,2025-05-27 03:31:44.514672+00:00,2552.42,25.13,2557.01,12.5749
ETH/USD,2025-05-27 03:31:44.514840+00:00,2552.42,25.13,2556.21,12.42
ETH/USD,2025-05-27 03:31:44.514942+00:00,2551.58,12.5823,2556.21,12.42
ETH/USD,2025-05-27 03:31:44.515130+00:00,2551.58,12.5823,2555.572,24.956
ETH/USD,2025-05-27 03:32:13.073613+00:00,2551.198,24.98,2555.572,24.956
ETH/USD,2025-05-27 03:32:13.073819+00:00,2552.9,12.43,2555.572,24.956
ETH/USD,2025-05-27 03:32:13.073830+00:00,2552.9,12.43,2556.21,12.42
ETH/USD,2025-05-27 03:32:13.074224+00:00,2552.9,12.43,2556.67,12.398
ETH/USD,2025-05-27 03:33:19.599145+00:00,2552.4,25.07,2556.67,12.398
ETH/USD,2025-05-27 03:33:19.599327+00:00,2554.5,12.39,2556.67,12.398
ETH/USD,2025-05-27 03:33:19.599556+00:00,2554.5,12.39,2557.2,24.8626
ETH/USD,2025-05-27 03:33:19.600067+00:00,2554.5,12.39,2557.5,12.49
ETH/USD,2025-05-27 03:33:35.678180+00:00,2553.2,24.9981,2557.5,12.49
ETH/USD,2025-05-27 03:33:35.678951+00:00,2553.2,24.9981,2558.3,25.07
ETH/USD,2025-05-27 03:33:35.679091+00:00,2553.2,24.9981,2556.4,12.6069
ETH/USD,2025-05-27 03:33:35.679298+00:00,2552.645,12.4446,2556.4,12.6069
ETH/USD,2025-05-27 03:34:48.287732+00:00,2552.445,25.06,2556.4,12.6069
ETH/USD,2025-05-27 03:34:48.288047+00:00,2555.17,12.5336,2556.4,12.6069
ETH/USD,2025-05-27 03:34:48.288300+00:00,2555.17,12.5336,2557.369,24.786
ETH/USD,2025-05-27 03:34:48.289256+00:00,2555.17,12.5336,2558.413,12.451
ETH/USD,2025-05-27 03:34:48.289329+00:00,2555.17,12.5336,2558.016,25.16
ETH/USD,2025-05-27 03:35:04.284734+00:00,2552.9,24.86,2558.016,25.16
ETH/USD,2025-05-27 03:35:04.285100+00:00,2552.15,37.406,2558.016,25.16
ETH/USD,2025-05-27 03:35:04.285330+00:00,2553.7,12.589,2558.016,25.16
ETH/USD,2025-05-27 03:35:04.285579+00:00,2553.7,12.589,2558.413,12.451
ETH/USD,2025-05-27 03:35:04.285867+00:00,2553.7,12.589,2556.9,12.5997
ETH/USD,2025-05-27 03:36:13.311038+00:00,2552.62,24.9799,2556.9,12.5997
ETH/USD,2025-05-27 03:36:13.311169+00:00,2550.339,37.237,2556.9,12.5997
ETH/USD,2025-05-27 03:36:13.311411+00:00,2552.17,12.442,2556.9,12.5997
ETH/USD,2025-05-27 03:36:13.311767+00:00,2552.17,12.442,2557.2,24.95
ETH/USD,2025-05-27 03:36:13.311778+00:00,2552.17,12.442,2554.9,12.595
ETH/USD,2025-05-27 03:38:01.171444+00:00,2551.51,25.212,2554.9,12.595
ETH/USD,2025-05-27 03:38:01.171867+00:00,2553.098,12.44,2554.9,12.595
ETH/USD,2025-05-27 03:38:01.171948+00:00,2553.098,12.44,2555.34,24.845
ETH/USD,2025-05-27 03:38:01.172868+00:00,2553.098,12.44,2556.477,12.59
ETH/USD,2025-05-27 03:38:12.416483+00:00,2552.259,24.7823,2556.477,12.59
ETH/USD,2025-05-27 03:38:12.416898+00:00,2554.7,12.4689,2556.477,12.59
ETH/USD,2025-05-27 03:38:12.417527+00:00,2554.7,12.4689,2557.58,24.89
ETH/USD,2025-05-27 03:38:12.417781+00:00,2554.7,12.4689,2557.567,12.6054
ETH/USD,2025-05-27 03:38:35.883855+00:00,2552.9,24.78,2557.567,12.6054
ETH/USD,2025-05-27 03:38:35.884637+00:00,2552.9,24.78,2558.95,24.87
ETH/USD,2025-05-27 03:38:35.884876+00:00,2552.9,24.78,2556.189,12.475
ETH/USD,2025-05-27 03:38:35.884975+00:00,2552.4,12.593,2556.189,12.475
ETH/USD,2025-05-27 03:39:21.718483+00:00,2551.47,24.87,2556.189,12.475
ETH/USD,2025-05-27 03:39:21.719107+00:00,2552.395,12.53,2556.189,12.475
ETH/USD,2025-05-27 03:39:21.719630+00:00,2552.395,12.53,2557.599,25.202
ETH/USD,2025-05-27 03:39:21.719811+00:00,2552.395,12.53,2555.2,12.64
ETH/USD,2025-05-27 03:40:57.481840+00:00,2550.43,24.85,2555.2,12.64
ETH/USD,2025-05-27 03:40:57.482031+00:00,2548.841,37.604,2555.2,12.64
ETH/USD,2025-05-27 03:40:57.482226+00:00,2550.34,12.394,2555.2,12.64
ETH/USD,2025-05-27 03:40:57.482337+00:00,2550.34,12.394,2556.06,25.059
ETH/USD,2025-05-27 03:40:57.482438+00:00,2550.34,12.394,2553.836,12.497
ETH/USD,2025-05-27 03:41:15.881390+00:00,2549.859,25.031,2553.836,12.497
ETH/USD,2025-05-27 03:41:15.881989+00:00,2551.3,12.491,2553.836,12.497
ETH/USD,2025-05-27 03:41:15.882120+00:00,2551.3,12.491,2555.26,24.944
ETH/USD,2025-05-27 03:41:15.882553+00:00,2551.3,12.491,2555.5,12.508
ETH/USD,2025-05-27 03:41:50.283358+00:00,2550.2,25.1266,2555.5,12.508
ETH/USD,2025-05-27 03:41:50.284007+00:00,2550.25,12.638,2555.5,12.508
ETH/USD,2025-05-27 03:41:50.284601+00:00,2550.25,12.638,2556.188,25.0573
ETH/USD,2025-05-27 03:41:50.284766+00:00,2550.25,12.638,2552.93,12.555
ETH/USD,2025-05-27 03:43:11.207884+00:00,2550.25,12.638,2554.5,24.9331
ETH/USD,2025-05-27 03:43:11.208462+00:00,2550.08,24.94,2554.5,24.9331
ETH/USD,2025-05-27 03:43:11.208647+00:00,2550.9,12.56,2554.5,24.9331
ETH/USD,2025-05-27 03:43:11.208930+00:00,2550.9,12.56,2555.74,37.262
ETH/USD,2025-05-27 03:43:11.208994+00:00,2550.9,12.56,2555.12,12.61
ETH/USD,2025-05-27 03:44:00.478469+00:00,2550.457,25.06,2555.12,12.61
ETH/USD,2025-05-27 03:44:00.478839+00:00,2552.7,12.54,2555.12,12.61
ETH/USD,2025-05-27 03:44:00.479332+00:00,2552.7,12.54,2555.347,25.2246
ETH/USD,2025-05-27 03:44:00.479639+00:00,2552.7,12.54,2556.527,12.584
ETH/USD,2025-05-27 03:44:31.289305+00:00,2551.443,25.03,2556.527,12.584
ETH/USD,2025-05-27 03:44:31.290398+00:00,2551.443,25.03,2556.65,24.819
ETH/USD,2025-05-27 03:44:31.290513+00:00,2551.443,25.03,2555.002,12.5369
ETH/USD,2025-05-27 03:44:31.290726+00:00,2551.38,12.6007,2555.002,12.5369
ETH/USD,2025-05-27 03:46:03.510611+00:00,2550.6,24.885,2555.002,12.5369
ETH/USD,2025-05-27 03:46:03.511453+00:00,2550.6,24.885,2556.45,25.19
ETH/USD,2025-05-27 03:46:03.512040+00:00,2550.6,24.885,2553.735,12.499
ETH/USD,2025-05-27 03:46:03.512206+00:00,2550.3,12.52,2553.735,12.499
ETH/USD,2025-05-27 03:46:03.512432+00:00,2550.3,12.52,2553.64,24.8583
ETH/USD,2025-05-27 03:47:41.673121+00:00,2549.245,25.1764,2553.64,24.8583
ETH/USD,2025-05-27 03:47:41.673519+00:00,2549.245,25.1764,2553.735,12.499
ETH/USD,2025-05-27 03:47:41.674273+00:00,2549.245,25.1764,2551.9,12.4139
ETH/USD,2025-05-27 03:47:41.674511+00:00,2548.78,12.504,2551.9,12.4139
ETH/USD,2025-05-27 03:49:33.290775+00:00,2547.529,25.12,2551.9,12.4139
ETH/USD,2025-05-27 03:49:33.291354+00:00,2549.65,12.5923,2551.9,12.4139
ETH/USD,2025-05-27 03:49:33.291849+00:00,2549.65,12.5923,2553.5,24.94
ETH/USD,2025-05-27 03:49:33.292399+00:00,2549.67,25.216,2553.5,24.94
ETH/USD,2025-05-27 03:49:33.292584+00:00,2549.67,25.216,2553.9,12.4116
ETH/USD,2025-05-27 03:49:33.292710+00:00,2549.67,25.216,2553.753,24.967
ETH/USD,2025-05-27 03:52:40.112386+00:00,2549.65,12.5923,2553.753,24.967
ETH/USD,2025-05-27 03:52:40.113285+00:00,2549.65,12.5923,2553.9,12.4116
ETH/USD,2025-05-27 03:52:40.113495+00:00,2549.65,12.5923,2552.5,12.5
ETH/USD,2025-05-27 03:52:40.113710+00:00,2549.4,12.61,2552.5,12.5
ETH/USD,2025-05-27 03:52:40.113865+00:00,2549.4,12.61,2552.316,24.81
ETH/USD,2025-05-27 03:54:06.709415+00:00,2547.8,25.0983,2552.316,24.81
ETH/USD,2025-05-27 03:54:06.709784+00:00,2550.7,12.486,2552.316,24.81
ETH/USD,2025-05-27 03:54:06.710505+00:00,2550.7,12.486,2552.5,12.5
ETH/USD,2025-05-27 03:54:06.710949+00:00,2550.7,12.486,2553.09,12.5714
ETH/USD,2025-05-27 03:54:40.310985+00:00,2549.7,24.947,2553.09,12.5714
ETH/USD,2025-05-27 03:54:40.311485+00:00,2547.436,37.913,2553.09,12.5714
ETH/USD,2025-05-27 03:54:40.311833+00:00,2548.61,12.54,2553.09,12.5714
ETH/USD,2025-05-27 03:54:40.312255+00:00,2548.61,12.54,2554.6,25.27
ETH/USD,2025-05-27 03:54:40.312335+00:00,2548.61,12.54,2552.76,12.4592
ETH/USD,2025-05-27 03:55:32.510883+00:00,2548.5,24.851,2552.76,12.4592
ETH/USD,2025-05-27 03:55:32.511350+00:00,2549.77,12.529,2552.76,12.4592
ETH/USD,2025-05-27 03:55:32.511856+00:00,2549.77,12.529,2552.92,25.23
ETH/USD,2025-05-27 03:55:32.512203+00:00,2549.77,12.529,2552.8,12.64
ETH/USD,2025-05-27 03:57:06.678469+00:00,2549.729,24.92,2552.8,12.64
ETH/USD,2025-05-27 03:57:06.679018+00:00,2549.729,24.92,2554.5,25.06
ETH/USD,2025-05-27 03:57:06.679516+00:00,2549.729,24.92,2552.43,12.601
ETH/USD,2025-05-27 03:57:06.679744+00:00,2548.4,12.49,2552.43,12.601
ETH/USD,2025-05-27 03:59:42.181579+00:00,2548.4,12.488034925,2552.43,12.601
ETH/USD,2025-05-27 03:59:42.471769+00:00,2548.326,24.85,2552.43,12.601
ETH/USD,2025-05-27 03:59:42.471965+00:00,2549.98,12.598,2552.43,12.601
ETH/USD,2025-05-27 03:59:42.472413+00:00,2549.98,12.598,2553.608,24.82
ETH/USD,2025-05-27 03:59:42.472427+00:00,2549.98,12.598,2552.84,12.5815
ETH/USD,2025-05-27 03:59:51.501129+00:00,2548.5,24.99,2552.84,12.5815
ETH/USD,2025-05-27 03:59:51.501184+00:00,2547.55,37.267,2552.84,12.5815
ETH/USD,2025-05-27 03:59:51.501503+00:00,2548.327,12.469,2552.84,12.5815
ETH/USD,2025-05-27 03:59:51.501678+00:00,2548.327,12.469,2554.44,25.26
ETH/USD,2025-05-27 03:59:51.501772+00:00,2548.327,12.469,2551.189,12.5839
ETH/USD,2025-05-27 04:00:14.619979+00:00,2548.327,12.469,2552.817,24.877
ETH/USD,2025-05-27 04:00:14.620088+00:00,2546.724,24.784,2552.817,24.877
ETH/USD,2025-05-27 04:00:14.620133+00:00,2549.995,12.4594,2552.817,24.877
ETH/USD,2025-05-27 04:00:14.620345+00:00,2549.995,12.4594,2554.8,37.23
ETH/USD,2025-05-27 04:00:14.620356+00:00,2549.995,12.4594,2552.7,12.52
ETH/USD,2025-05-27 04:01:40.271728+00:00,2548.59,25.22,2552.7,12.52
ETH/USD,2025-05-27 04:01:40.272041+00:00,2547.07,37.56,2552.7,12.52
ETH/USD,2025-05-27 04:01:40.272329+00:00,2548.547,12.5,2552.7,12.52
ETH/USD,2025-05-27 04:01:40.272502+00:00,2548.547,12.5,2554.219,25.0532
ETH/USD,2025-05-27 04:01:40.272640+00:00,2548.547,12.5,2551.42,12.544
ETH/USD,2025-05-27 04:02:04.871213+00:00,2547.844,25.09,2551.42,12.544
ETH/USD,2025-05-27 04:02:04.871519+00:00,2549.2,12.4473,2551.42,12.544
ETH/USD,2025-05-27 04:02:04.871912+00:00,2549.2,12.4473,2551.989,25.21
ETH/USD,2025-05-27 04:02:04.872685+00:00,2549.2,12.4473,2552.34,12.5878
ETH/USD,2025-05-27 04:02:18.273419+00:00,2549.2,12.4473,2553.9,25.03
ETH/USD,2025-05-27 04:02:18.273510+00:00,2548.9,25.059,2553.9,25.03
ETH/USD,2025-05-27 04:02:18.273525+00:00,2550.56,12.51,2553.9,25.03
ETH/USD,2025-05-27 04:02:18.273681+00:00,2550.56,12.51,2555.23,37.586
ETH/USD,2025-05-27 04:02:18.273719+00:00,2550.56,12.51,2554.81,12.541
ETH/USD,2025-05-27 04:02:18.274011+00:00,2550.56,12.51,2554.8,25.1652
ETH/USD,2025-05-27 04:03:07.616239+00:00,2550.2,24.9426,2554.8,25.1652
ETH/USD,2025-05-27 04:03:07.616868+00:00,2550.2,24.9426,2554.81,12.541
ETH/USD,2025-05-27 04:03:07.617018+00:00,2550.2,24.9426,2553.2,12.41
ETH/USD,2025-05-27 04:03:07.617025+00:00,2549.6,12.41,2553.2,12.41
ETH/USD,2025-05-27 04:03:58.270416+00:00,2549.21,25.231,2553.2,12.41
ETH/USD,2025-05-27 04:03:58.270605+00:00,2550.97,12.61,2553.2,12.41
ETH/USD,2025-05-27 04:03:58.270806+00:00,2550.97,12.61,2554.06,24.809
ETH/USD,2025-05-27 04:03:58.270995+00:00,2550.97,12.61,2553.9,12.531
ETH/USD,2025-05-27 04:04:36.685610+00:00,2550.06,25.12,2553.9,12.531
ETH/USD,2025-05-27 04:04:36.686022+00:00,2550.06,25.12,2555.228,25.191
ETH/USD,2025-05-27 04:04:36.686139+00:00,2550.06,25.12,2553.16,12.6124
ETH/USD,2025-05-27 04:04:36.686461+00:00,2549.255,37.501,2553.16,12.6124
ETH/USD,2025-05-27 04:04:36.686988+00:00,2549.237,24.959,2553.16,12.6124
ETH/USD,2025-05-27 04:06:26.472534+00:00,2549.0,12.53,2553.16,12.6124
ETH/USD,2025-05-27 04:06:26.472710+00:00,2550.36,12.611,2553.16,12.6124
ETH/USD,2025-05-27 04:06:26.472882+00:00,2550.36,12.611,2553.3,24.99
ETH/USD,2025-05-27 04:06:26.473302+00:00,2550.74,25.043,2553.3,24.99
ETH/USD,2025-05-27 04:06:26.473800+00:00,2550.74,25.043,2554.649,12.6072
ETH/USD,2025-05-27 04:06:46.682562+00:00,2550.36,12.611,2554.649,12.6072
ETH/USD,2025-05-27 04:06:46.683003+00:00,2551.8,12.6272,2554.649,12.6072
ETH/USD,2025-05-27 04:06:46.683550+00:00,2551.8,12.6272,2555.6,24.822
ETH/USD,2025-05-27 04:06:46.683909+00:00,2551.9,25.101,2555.6,24.822
ETH/USD,2025-05-27 04:06:46.684097+00:00,2551.9,25.101,2556.267,12.5
ETH/USD,2025-05-27 04:06:56.500874+00:00,2551.8,12.6272,2556.267,12.5
ETH/USD,2025-05-27 04:06:56.500960+00:00,2553.3,12.6228,2556.267,12.5
ETH/USD,2025-05-27 04:06:56.501318+00:00,2553.3,12.6228,2556.74,24.8515
ETH/USD,2025-05-27 04:06:56.501511+00:00,2553.3,12.6228,2556.198,12.54
ETH/USD,2025-05-27 04:07:16.272930+00:00,2553.3,12.6228,2557.817,24.94
ETH/USD,2025-05-27 04:07:16.273199+00:00,2552.6,24.95,2557.817,24.94
ETH/USD,2025-05-27 04:07:16.273516+00:00,2554.31,12.519,2557.817,24.94
ETH/USD,2025-05-27 04:07:16.273673+00:00,2554.31,12.519,2559.68,37.19
ETH/USD,2025-05-27 04:07:16.273727+00:00,2554.31,12.519,2558.35,12.5056
ETH/USD,2025-05-27 04:07:28.011037+00:00,2553.656,24.9709,2558.35,12.5056
ETH/USD,2025-05-27 04:07:28.011538+00:00,2555.7,12.43,2558.35,12.5056
ETH/USD,2025-05-27 04:07:28.011626+00:00,2555.7,12.43,2559.359,25.137
ETH/USD,2025-05-27 04:07:28.012503+00:00,2555.7,12.43,2559.4,12.474
ETH/USD,2025-05-27 04:07:29.214838+00:00,2555.7,12.43,2560.7,25.2597
ETH/USD,2025-05-27 04:07:29.214929+00:00,2554.8,25.16,2560.7,25.2597
ETH/USD,2025-05-27 04:07:29.215078+00:00,2558.6,12.43,2560.7,25.2597
ETH/USD,2025-05-27 04:07:29.215140+00:00,2558.6,12.43,2561.781,37.5278
ETH/USD,2025-05-27 04:07:29.215149+00:00,2558.6,12.43,2560.647,12.4584
ETH/USD,2025-05-27 04:08:11.009213+00:00,2556.9,24.859,2560.647,12.4584
ETH/USD,2025-05-27 04:08:11.009651+00:00,2555.7,37.7165,2560.647,12.4584
ETH/USD,2025-05-27 04:08:11.009708+00:00,2556.518,12.41,2560.647,12.4584
ETH/USD,2025-05-27 04:08:11.009851+00:00,2556.518,12.41,2562.092,24.8991
ETH/USD,2025-05-27 04:08:11.009942+00:00,2556.518,12.41,2560.3,12.53
ETH/USD,2025-05-27 04:08:11.010414+00:00,2556.518,12.41,2560.0,25.0978
ETH/USD,2025-05-27 04:08:36.800666+00:00,2556.0,25.0531,2560.0,25.0978
ETH/USD,2025-05-27 04:08:36.801078+00:00,2556.0,25.0531,2560.3,12.53
ETH/USD,2025-05-27 04:08:36.801291+00:00,2556.0,25.0531,2558.1,12.613
ETH/USD,2025-05-27 04:08:36.801588+00:00,2555.1,12.5769,2558.1,12.613
ETH/USD,2025-05-27 04:12:26.511814+00:00,2554.5,24.7865,2558.1,12.613
ETH/USD,2025-05-27 04:12:26.512349+00:00,2554.5,24.7865,2559.9,25.275
ETH/USD,2025-05-27 04:12:26.512587+00:00,2554.5,24.7865,2556.54,12.5
ETH/USD,2025-05-27 04:12:26.512840+00:00,2553.3,12.62,2556.54,12.5
ETH/USD,2025-05-27 04:12:26.513419+00:00,2553.44,25.01,2556.54,12.5
ETH/USD,2025-05-27 04:16:26.115022+00:00,2553.3,12.62,2556.54,12.5
ETH/USD,2025-05-27 04:16:26.115360+00:00,2553.3,12.62,2558.1,24.99
ETH/USD,2025-05-27 04:16:26.115399+00:00,2553.3,12.62,2556.405,12.5
ETH/USD,2025-05-27 04:16:26.115585+00:00,2552.6,12.534,2556.405,12.5
ETH/USD,2025-05-27 04:18:05.323196+00:00,2552.5,24.8712,2556.405,12.5
ETH/USD,2025-05-27 04:18:05.323734+00:00,2553.25,12.477,2556.405,12.5
ETH/USD,2025-05-27 04:18:05.324262+00:00,2553.25,12.477,2557.2,25.192
ETH/USD,2025-05-27 04:18:05.324431+00:00,2553.25,12.477,2556.817,12.4027
ETH/USD,2025-05-27 04:18:21.498311+00:00,2553.25,12.477,2558.535,24.9653
ETH/USD,2025-05-27 04:18:21.498848+00:00,2553.2,24.94,2558.535,24.9653
ETH/USD,2025-05-27 04:18:21.499123+00:00,2555.3,12.413,2558.535,24.9653
ETH/USD,2025-05-27 04:18:21.499628+00:00,2555.3,12.413,2560.002,37.552
ETH/USD,2025-05-27 04:18:21.499823+00:00,2555.3,12.413,2558.45,12.6104
ETH/USD,2025-05-27 04:22:00.610547+00:00,2555.011,25.036,2558.45,12.6104
ETH/USD,2025-05-27 04:22:00.611284+00:00,2556.5,12.52,2558.45,12.6104
ETH/USD,2025-05-27 04:22:00.611731+00:00,2556.5,12.52,2558.82,24.79
ETH/USD,2025-05-27 04:22:00.612183+00:00,2556.5,12.52,2559.1,12.413
ETH/USD,2025-05-27 04:22:25.274040+00:00,2556.5,12.52,2561.273,25.133
ETH/USD,2025-05-27 04:22:25.274702+00:00,2555.623,25.264,2561.273,25.133
ETH/USD,2025-05-27 04:22:25.274940+00:00,2557.5,12.541,2561.273,25.133
ETH/USD,2025-05-27 04:22:25.275020+00:00,2557.5,12.541,2562.0,37.537
ETH/USD,2025-05-27 04:22:25.275209+00:00,2557.5,12.541,2561.13,12.616
ETH/USD,2025-05-27 04:22:52.287953+00:00,2556.78,24.94,2561.13,12.616
ETH/USD,2025-05-27 04:22:52.287978+00:00,2559.1,12.585,2561.13,12.616
ETH/USD,2025-05-27 04:22:52.288025+00:00,2559.1,12.585,2561.27,24.9108
ETH/USD,2025-05-27 04:22:52.288312+00:00,2559.1,12.585,2562.24,12.5226
ETH/USD,2025-05-27 04:23:24.107812+00:00,2558.22,24.955,2562.24,12.5226
ETH/USD,2025-05-27 04:23:24.108503+00:00,2558.22,24.955,2563.0,25.06
ETH/USD,2025-05-27 04:23:24.108576+00:00,2558.22,24.955,2561.7,12.43
ETH/USD,2025-05-27 04:23:24.108990+00:00,2557.7,12.4031,2561.7,12.43
ETH/USD,2025-05-27 04:24:19.469346+00:00,2557.28,25.08,2561.7,12.43
ETH/USD,2025-05-27 04:24:19.469856+00:00,2557.28,25.08,2561.763,25.25
ETH/USD,2025-05-27 04:24:19.470055+00:00,2557.28,25.08,2559.682,12.56
ETH/USD,2025-05-27 04:24:19.470328+00:00,2556.86,12.61,2559.682,12.56
ETH/USD,2025-05-27 04:24:35.269809+00:00,2555.3,25.124,2559.682,12.56
ETH/USD,2025-05-27 04:24:35.270034+00:00,2558.177,12.61,2559.682,12.56
ETH/USD,2025-05-27 04:24:35.270255+00:00,2558.177,12.61,2560.833,25.0555
ETH/USD,2025-05-27 04:24:35.270713+00:00,2558.177,12.61,2561.0,12.4256
ETH/USD,2025-05-27 04:25:05.605960+00:00,2557.64,24.92,2561.0,12.4256
ETH/USD,2025-05-27 04:25:05.606626+00:00,2558.41,12.4616,2561.0,12.4256
ETH/USD,2025-05-27 04:25:05.606966+00:00,2558.41,12.4616,2562.0,25.0997
ETH/USD,2025-05-27 04:25:05.607374+00:00,2558.41,12.4616,2562.0,37.6897
ETH/USD,2025-05-27 04:25:05.607625+00:00,2558.41,12.4616,2562.0,12.59
ETH/USD,2025-05-27 04:25:11.278600+00:00,2558.41,12.4616,2563.7,24.82
ETH/USD,2025-05-27 04:25:11.278752+00:00,2558.4,24.92,2563.7,24.82
ETH/USD,2025-05-27 04:25:11.278843+00:00,2559.86,12.552,2563.7,24.82
ETH/USD,2025-05-27 04:25:11.278885+00:00,2559.86,12.552,2564.342,37.8911
ETH/USD,2025-05-27 04:25:11.278928+00:00,2559.86,12.552,2563.239,12.466
ETH/USD,2025-05-27 04:25:50.673635+00:00,2559.787,24.86,2563.239,12.466
ETH/USD,2025-05-27 04:25:50.674147+00:00,2559.787,24.86,2564.49,24.811
ETH/USD,2025-05-27 04:25:50.674484+00:00,2559.787,24.86,2562.964,12.5572
ETH/USD,2025-05-27 04:25:50.674815+00:00,2558.36,12.6086,2562.964,12.5572
ETH/USD,2025-05-27 04:25:50.675352+00:00,2558.36,12.6086,2562.849,24.8286
ETH/USD,2025-05-27 04:31:36.405490+00:00,2558.255,25.0808,2562.849,24.8286
ETH/USD,2025-05-27 04:31:36.405573+00:00,2560.0,12.55,2562.849,24.8286
ETH/USD,2025-05-27 04:31:36.406208+00:00,2560.0,12.55,2562.964,12.5572
ETH/USD,2025-05-27 04:31:36.406849+00:00,2560.0,12.55,2563.66,12.58
ETH/USD,2025-05-27 04:32:26.168913+00:00,2559.0,25.0,2563.66,12.58
ETH/USD,2025-05-27 04:32:26.169647+00:00,2559.4,12.5347,2563.66,12.58
ETH/USD,2025-05-27 04:32:26.169851+00:00,2559.4,12.5347,2564.77,25.1849
ETH/USD,2025-05-27 04:32:26.169894+00:00,2559.4,12.5347,2562.322,12.42
ETH/USD,2025-05-27 04:32:39.072456+00:00,2558.6,24.971,2562.322,12.42
ETH/USD,2025-05-27 04:32:39.073184+00:00,2558.6,24.971,2562.773,25.1224
ETH/USD,2025-05-27 04:32:39.073400+00:00,2558.6,24.971,2560.9,12.59
ETH/USD,2025-05-27 04:32:39.073409+00:00,2558.3,12.63,2560.9,12.59
ETH/USD,2025-05-27 04:34:02.312883+00:00,2557.602,25.179,2560.9,12.59
ETH/USD,2025-05-27 04:34:02.313138+00:00,2558.5,12.4819,2560.9,12.59
ETH/USD,2025-05-27 04:34:02.313631+00:00,2558.5,12.4819,2561.68,24.81
ETH/USD,2025-05-27 04:34:02.313911+00:00,2558.6,25.028,2561.68,24.81
ETH/USD,2025-05-27 04:34:02.314084+00:00,2558.6,25.028,2562.2,12.46
ETH/USD,2025-05-27 04:34:20.245862+00:00,2558.5,12.4819,2562.2,12.46
ETH/USD,2025-05-27 04:34:20.246097+00:00,2560.823,12.39,2562.2,12.46
ETH/USD,2025-05-27 04:34:20.246318+00:00,2560.823,12.39,2564.049,25.13
ETH/USD,2025-05-27 04:34:20.246410+00:00,2560.823,12.39,2563.22,12.4217
ETH/USD,2025-05-27 04:35:22.806849+00:00,2560.0,24.9531,2563.22,12.4217
ETH/USD,2025-05-27 04:35:22.807014+00:00,2557.84,37.248,2563.22,12.4217
ETH/USD,2025-05-27 04:35:22.807086+00:00,2559.448,12.58,2563.22,12.4217
ETH/USD,2025-05-27 04:35:22.807723+00:00,2559.448,12.58,2564.3,24.909
ETH/USD,2025-05-27 04:35:22.808031+00:00,2559.448,12.58,2562.76,12.466
ETH/USD,2025-05-27 04:36:03.406812+00:00,2558.3,25.18,2562.76,12.466
ETH/USD,2025-05-27 04:36:03.406943+00:00,2560.295,12.47,2562.76,12.466
ETH/USD,2025-05-27 04:36:03.407097+00:00,2560.295,12.47,2563.5,25.1394
ETH/USD,2025-05-27 04:36:03.408208+00:00,2560.295,12.47,2564.505,12.5502
ETH/USD,2025-05-27 04:36:28.070945+00:00,2559.0,24.781,2564.505,12.5502
ETH/USD,2025-05-27 04:36:28.070972+00:00,2559.6,12.4735,2564.505,12.5502
ETH/USD,2025-05-27 04:36:28.070983+00:00,2559.6,12.4735,2565.07,24.806
ETH/USD,2025-05-27 04:36:28.071103+00:00,2559.6,12.4735,2563.24,12.451
ETH/USD,2025-05-27 04:36:28.071377+00:00,2559.6,12.4735,2563.127,25.13
ETH/USD,2025-05-27 04:36:35.070835+00:00,2558.241,24.877,2563.127,25.13
ETH/USD,2025-05-27 04:36:35.071131+00:00,2561.24,12.56,2563.127,25.13
ETH/USD,2025-05-27 04:36:35.071515+00:00,2561.24,12.56,2563.24,12.451
ETH/USD,2025-05-27 04:36:35.071598+00:00,2561.24,12.56,2563.197,12.436
ETH/USD,2025-05-27 04:38:34.203840+00:00,2561.24,12.56,2564.59,25.2223
ETH/USD,2025-05-27 04:38:34.204442+00:00,2559.8,24.901,2564.59,25.2223
ETH/USD,2025-05-27 04:38:34.205536+00:00,2562.02,12.5,2564.59,25.2223
ETH/USD,2025-05-27 04:38:34.205784+00:00,2562.02,12.5,2565.77,37.5697
ETH/USD,2025-05-27 04:38:34.205810+00:00,2562.02,12.5,2565.64,12.4074
ETH/USD,2025-05-27 04:39:01.207384+00:00,2561.706,24.8341,2565.64,12.4074
ETH/USD,2025-05-27 04:39:01.207886+00:00,2561.706,24.8341,2566.565,24.968
ETH/USD,2025-05-27 04:39:01.208165+00:00,2561.706,24.8341,2563.3,12.59
ETH/USD,2025-05-27 04:39:01.208319+00:00,2559.972,12.55,2563.3,12.59
ETH/USD,2025-05-27 04:39:01.208454+00:00,2560.19,25.229,2563.3,12.59
ETH/USD,2025-05-27 04:39:36.874963+00:00,2559.972,12.55,2563.3,12.59
ETH/USD,2025-05-27 04:39:36.875543+00:00,2559.972,12.55,2564.695,25.26
ETH/USD,2025-05-27 04:39:36.875714+00:00,2559.972,12.55,2562.9,12.42
ETH/USD,2025-05-27 04:39:36.876020+00:00,2558.8,12.574,2562.9,12.42
ETH/USD,2025-05-27 04:40:34.345528+00:00,2557.63,25.05,2562.9,12.42
ETH/USD,2025-05-27 04:40:34.345671+00:00,2560.09,12.591,2562.9,12.42
ETH/USD,2025-05-27 04:40:34.346436+00:00,2560.09,12.591,2563.06,25.185
ETH/USD,2025-05-27 04:40:34.346701+00:00,2560.2,25.138,2563.06,25.185
ETH/USD,2025-05-27 04:40:34.346826+00:00,2560.2,25.138,2563.91,12.6
ETH/USD,2025-05-27 04:40:40.473985+00:00,2560.09,12.591,2563.91,12.6
ETH/USD,2025-05-27 04:40:40.474225+00:00,2562.2,12.59,2563.91,12.6
ETH/USD,2025-05-27 04:40:40.474714+00:00,2562.2,12.59,2565.037,25.1084
ETH/USD,2025-05-27 04:40:40.474908+00:00,2562.2,12.59,2564.63,12.432
ETH/USD,2025-05-27 04:42:09.734620+00:00,2561.7,25.169,2564.63,12.432
ETH/USD,2025-05-27 04:42:09.734764+00:00,2559.2,37.41,2564.63,12.432
ETH/USD,2025-05-27 04:42:09.734878+00:00,2560.1,12.5419,2564.63,12.432
ETH/USD,2025-05-27 04:42:09.734961+00:00,2560.1,12.5419,2565.9,25.06
ETH/USD,2025-05-27 04:42:09.735047+00:00,2560.1,12.5419,2563.3,12.571
ETH/USD,2025-05-27 04:42:09.735258+00:00,2560.12,24.864,2563.3,12.571
ETH/USD,2025-05-27 04:43:47.709433+00:00,2560.1,12.5419,2563.3,12.571
ETH/USD,2025-05-27 04:43:47.709602+00:00,2560.1,12.5419,2565.23,24.885
ETH/USD,2025-05-27 04:43:47.709663+00:00,2560.1,12.5419,2563.04,12.598
ETH/USD,2025-05-27 04:43:47.709723+00:00,2559.011,12.594,2563.04,12.598
ETH/USD,2025-05-27 04:43:47.709980+00:00,2559.011,12.594,2562.977,25.09
ETH/USD,2025-05-27 04:44:45.077384+00:00,2558.46,25.18,2562.977,25.09
ETH/USD,2025-05-27 04:44:45.077408+00:00,2560.88,12.5073,2562.977,25.09
ETH/USD,2025-05-27 04:44:45.077439+00:00,2560.88,12.5073,2563.04,12.598
ETH/USD,2025-05-27 04:44:45.077748+00:00,2560.88,12.5073,2564.252,12.636
ETH/USD,2025-05-27 04:44:45.077871+00:00,2560.88,12.5073,2564.07,25.11
ETH/USD,2025-05-27 04:45:27.629058+00:00,2560.88,12.5073,2564.07,25.108088212
ETH/USD,2025-05-27 04:45:27.945720+00:00,2559.11,25.124,2564.07,25.108088212
ETH/USD,2025-05-27 04:45:27.945917+00:00,2561.4,12.51,2564.07,25.108088212
ETH/USD,2025-05-27 04:45:27.946150+00:00,2561.4,12.51,2564.252,12.636
ETH/USD,2025-05-27 04:45:27.946386+00:00,2561.4,12.51,2565.335,12.5274
ETH/USD,2025-05-27 04:45:27.946511+00:00,2561.4,12.51,2564.89,24.961
ETH/USD,2025-05-27 04:47:05.311475+00:00,2560.8,25.03,2564.89,24.961
ETH/USD,2025-05-27 04:47:05.312046+00:00,2561.79,12.496,2564.89,24.961
ETH/USD,2025-05-27 04:47:05.312190+00:00,2561.79,12.496,2565.335,12.5274
ETH/USD,2025-05-27 04:47:05.312743+00:00,2561.79,12.496,2566.02,12.4336
ETH/USD,2025-05-27 04:47:30.608915+00:00,2561.78,24.804,2566.02,12.4336
ETH/USD,2025-05-27 04:47:30.608981+00:00,2564.51,12.5383,2566.02,12.4336
ETH/USD,2025-05-27 04:47:30.609357+00:00,2564.51,12.5383,2566.246,24.85
ETH/USD,2025-05-27 04:47:30.609629+00:00,2564.51,12.5383,2567.6,12.5964
ETH/USD,2025-05-27 04:48:37.674175+00:00,2563.5,24.807,2567.6,12.5964
ETH/USD,2025-05-27 04:48:37.674203+00:00,2561.3,37.21,2567.6,12.5964
ETH/USD,2025-05-27 04:48:37.674280+00:00,2563.003,12.483,2567.6,12.5964
ETH/USD,2025-05-27 04:48:37.674355+00:00,2563.003,12.483,2567.9,25.275
ETH/USD,2025-05-27 04:48:37.674368+00:00,2563.003,12.483,2566.281,12.422
ETH/USD,2025-05-27 04:48:37.674708+00:00,2563.003,12.483,2566.0,24.819
ETH/USD,2025-05-27 04:48:54.475619+00:00,2561.46,25.04,2566.0,24.819
ETH/USD,2025-05-27 04:48:54.476019+00:00,2564.4,12.507,2566.0,24.819
ETH/USD,2025-05-27 04:48:54.476337+00:00,2564.4,12.507,2566.281,12.422
ETH/USD,2025-05-27 04:48:54.476861+00:00,2564.4,12.507,2566.6,12.46
ETH/USD,2025-05-27 04:48:58.276834+00:00,2564.4,12.507,2567.432,25.0268
ETH/USD,2025-05-27 04:48:58.276988+00:00,2562.3,24.94,2567.432,25.0268
ETH/USD,2025-05-27 04:48:58.277001+00:00,2565.7,12.46,2567.432,25.0268
ETH/USD,2025-05-27 04:48:58.277323+00:00,2565.7,12.46,2570.23,37.2881
ETH/USD,2025-05-27 04:48:58.277508+00:00,2565.7,12.46,2569.18,12.41
ETH/USD,2025-05-27 04:48:58.277764+00:00,2565.7,12.46,2569.06,25.27
ETH/USD,2025-05-27 04:49:41.674466+00:00,2564.31,25.25,2569.06,25.27
ETH/USD,2025-05-27 04:49:41.674719+00:00,2566.2,12.62,2569.06,25.27
ETH/USD,2025-05-27 04:49:41.674977+00:00,2566.2,12.62,2569.18,12.41
ETH/USD,2025-05-27 04:49:41.675959+00:00,2566.2,12.62,2570.478,37.671
ETH/USD,2025-05-27 04:49:41.676493+00:00,2566.2,12.62,2570.5,12.568
ETH/USD,2025-05-27 04:51:10.407835+00:00,2565.6,24.959,2570.5,12.568
ETH/USD,2025-05-27 04:51:10.407994+00:00,2568.1,12.5064,2570.5,12.568
ETH/USD,2025-05-27 04:51:10.408035+00:00,2568.1,12.5064,2570.9,24.946
ETH/USD,2025-05-27 04:51:10.408248+00:00,2568.1,12.5064,2570.83,12.46
ETH/USD,2025-05-27 04:51:22.878190+00:00,2567.3,24.8165,2570.83,12.46
ETH/USD,2025-05-27 04:51:22.878573+00:00,2567.3,24.8165,2572.31,25.2464
ETH/USD,2025-05-27 04:51:22.878673+00:00,2567.3,24.8165,2569.4,12.443
ETH/USD,2025-05-27 04:51:22.878718+00:00,2567.082,12.496,2569.4,12.443
ETH/USD,2025-05-27 04:51:33.874627+00:00,2565.7,24.99,2569.4,12.443
ETH/USD,2025-05-27 04:51:33.875051+00:00,2564.44,37.681,2569.4,12.443
ETH/USD,2025-05-27 04:51:33.875584+00:00,2565.1,12.5453,2569.4,12.443
ETH/USD,2025-05-27 04:51:33.875875+00:00,2565.1,12.5453,2570.94,25.0
ETH/USD,2025-05-27 04:51:33.876172+00:00,2565.1,12.5453,2568.141,12.53
ETH/USD,2025-05-27 04:52:10.472978+00:00,2564.1,24.848,2568.141,12.53
ETH/USD,2025-05-27 04:52:10.473317+00:00,2564.1,24.848,2568.782,24.8374
ETH/USD,2025-05-27 04:52:10.473521+00:00,2564.1,24.848,2566.8,12.4
ETH/USD,2025-05-27 04:52:10.473880+00:00,2563.3,12.515,2566.8,12.4
ETH/USD,2025-05-27 04:52:19.418568+00:00,2562.29,25.24,2566.8,12.4
ETH/USD,2025-05-27 04:52:19.418947+00:00,2562.29,25.24,2568.49,24.94
ETH/USD,2025-05-27 04:52:19.419085+00:00,2562.29,25.24,2566.603,12.399
ETH/USD,2025-05-27 04:52:19.419451+00:00,2562.283,12.46,2566.603,12.399
ETH/USD,2025-05-27 04:52:19.419483+00:00,2562.299,24.88,2566.603,12.399
ETH/USD,2025-05-27 04:54:57.443468+00:00,2562.283,12.46,2566.603,12.399
ETH/USD,2025-05-27 04:54:57.444274+00:00,2562.283,12.46,2567.53,24.838
ETH/USD,2025-05-27 04:54:57.444757+00:00,2562.283,12.46,2564.74,12.5569
ETH/USD,2025-05-27 04:54:57.444918+00:00,2561.09,12.491,2564.74,12.5569
ETH/USD,2025-05-27 04:55:12.372146+00:00,2560.6,24.9979,2564.74,12.5569
ETH/USD,2025-05-27 04:55:12.372917+00:00,2560.6,24.9979,2565.0,24.855
ETH/USD,2025-05-27 04:55:12.373139+00:00,2560.6,24.9979,2563.2,12.422
ETH/USD,2025-05-27 04:55:12.373352+00:00,2559.53,12.407,2563.2,12.422
ETH/USD,2025-05-27 04:55:12.373398+00:00,2559.67,24.9023,2563.2,12.422
ETH/USD,2025-05-27 04:55:22.304405+00:00,2559.53,12.407,2563.2,12.422
ETH/USD,2025-05-27 04:55:22.304633+00:00,2559.53,12.407,2564.7,25.23
ETH/USD,2025-05-27 04:55:22.304658+00:00,2559.53,12.407,2561.5,12.511
ETH/USD,2025-05-27 04:55:22.304690+00:00,2558.6,12.51,2561.5,12.511
ETH/USD,2025-05-27 04:56:24.286557+00:00,2558.48,25.02,2561.5,12.511
ETH/USD,2025-05-27 04:56:24.287030+00:00,2558.48,25.02,2563.1,25.03
ETH/USD,2025-05-27 04:56:24.287357+00:00,2558.48,25.02,2561.47,12.481
ETH/USD,2025-05-27 04:56:24.287869+00:00,2556.9,12.41,2561.47,12.481
ETH/USD,2025-05-27 04:56:24.288046+00:00,2557.211,24.849,2561.47,12.481
ETH/USD,2025-05-27 04:56:24.288177+00:00,2557.211,24.849,2561.4,25.15
ETH/USD,2025-05-27 04:56:55.917178+00:00,2556.9,12.41,2561.4,25.15
ETH/USD,2025-05-27 04:56:55.917370+00:00,2556.9,12.41,2561.47,12.481
ETH/USD,2025-05-27 04:56:55.917503+00:00,2556.9,12.41,2559.465,12.46
ETH/USD,2025-05-27 04:56:55.917572+00:00,2555.957,12.6227,2559.465,12.46
ETH/USD,2025-05-27 04:57:35.069966+00:00,2555.69,25.04,2559.465,12.46
ETH/USD,2025-05-27 04:57:35.070246+00:00,2557.3,12.58,2559.465,12.46
ETH/USD,2025-05-27 04:57:35.070460+00:00,2557.3,12.58,2560.782,25.0829
ETH/USD,2025-05-27 04:57:35.070678+00:00,2557.3,12.58,2560.2,12.557
ETH/USD,2025-05-27 04:58:04.708935+00:00,2557.3,12.58,2561.99,24.889
ETH/USD,2025-05-27 04:58:04.708979+00:00,2556.01,24.874,2561.99,24.889
ETH/USD,2025-05-27 04:58:04.709042+00:00,2559.3,12.403,2561.99,24.889
ETH/USD,2025-05-27 04:58:04.709159+00:00,2559.3,12.403,2563.89,37.2657
ETH/USD,2025-05-27 04:58:04.709273+00:00,2559.3,12.403,2562.5,12.434
ETH/USD,2025-05-27 04:58:47.680887+00:00,2558.578,24.95,2562.5,12.434
ETH/USD,2025-05-27 04:58:47.681180+00:00,2556.52,37.75,2562.5,12.434
ETH/USD,2025-05-27 04:58:47.681413+00:00,2556.87,12.5112,2562.5,12.434
ETH/USD,2025-05-27 04:58:47.681682+00:00,2556.87,12.5112,2562.98,25.26
ETH/USD,2025-05-27 04:58:47.681837+00:00,2556.87,12.5112,2560.23,12.4227
ETH/USD,2025-05-27 05:00:00.895662+00:00,2556.87,12.5112,2561.3,24.9953
ETH/USD,2025-05-27 05:00:00.896426+00:00,2555.9,24.99,2561.3,24.9953
ETH/USD,2025-05-27 05:00:00.896594+00:00,2558.27,12.4756,2561.3,24.9953
ETH/USD,2025-05-27 05:00:00.896678+00:00,2558.27,12.4756,2562.6,37.6295
ETH/USD,2025-05-27 05:00:00.896868+00:00,2558.27,12.4756,2561.736,12.49
ETH/USD,2025-05-27 05:00:25.101876+00:00,2558.27,12.4756,2561.736,12.48808647
ETH/USD,2025-05-27 05:00:25.324430+00:00,2557.8,25.08,2561.736,12.48808647
ETH/USD,2025-05-27 05:00:25.324985+00:00,2558.325,12.43,2561.736,12.48808647
ETH/USD,2025-05-27 05:00:25.325429+00:00,2558.325,12.43,2563.263,25.2627
ETH/USD,2025-05-27 05:00:25.325578+00:00,2558.325,12.43,2560.99,12.4572
ETH/USD,2025-05-27 05:05:17.708650+00:00,2556.72,25.0905,2560.99,12.4572
ETH/USD,2025-05-27 05:05:17.709486+00:00,2556.72,25.0905,2562.8,25.1447
ETH/USD,2025-05-27 05:05:17.709572+00:00,2556.72,25.0905,2560.082,12.606
ETH/USD,2025-05-27 05:05:17.709731+00:00,2556.29,12.51,2560.082,12.606
ETH/USD,2025-05-27 05:05:55.270343+00:00,2555.9,25.2125,2560.082,12.606
ETH/USD,2025-05-27 05:05:55.271110+00:00,2555.9,25.2125,2561.2,25.19
ETH/USD,2025-05-27 05:05:55.271125+00:00,2555.9,25.2125,2559.2,12.618
ETH/USD,2025-05-27 05:05:55.271162+00:00,2555.1,12.569,2559.2,12.618
ETH/USD,2025-05-27 05:05:55.271244+00:00,2555.5,24.933,2559.2,12.618
ETH/USD,2025-05-27 05:07:13.279133+00:00,2555.1,12.569,2559.2,12.618
ETH/USD,2025-05-27 05:07:13.279496+00:00,2557.436,12.619,2559.2,12.618
ETH/USD,2025-05-27 05:07:13.279888+00:00,2557.436,12.619,2559.896,25.079
ETH/USD,2025-05-27 05:07:13.280027+00:00,2557.436,12.619,2559.7,12.484
ETH/USD,2025-05-27 05:07:15.875178+00:00,2557.436,12.619,2561.798,24.87
ETH/USD,2025-05-27 05:07:15.875694+00:00,2555.6,24.831,2561.798,24.87
ETH/USD,2025-05-27 05:07:15.875985+00:00,2557.768,12.454,2561.798,24.87
ETH/USD,2025-05-27 05:07:15.876172+00:00,2557.768,12.454,2562.1,37.874
ETH/USD,2025-05-27 05:07:15.876277+00:00,2557.768,12.454,2560.94,12.4
ETH/USD,2025-05-27 05:08:08.032550+00:00,2556.891,24.901,2560.94,12.4
ETH/USD,2025-05-27 05:08:08.032608+00:00,2557.0,12.571,2560.94,12.4
ETH/USD,2025-05-27 05:08:08.032698+00:00,2557.0,12.571,2563.128,25.14
ETH/USD,2025-05-27 05:08:08.032759+00:00,2557.0,12.571,2559.765,12.44
ETH/USD,2025-05-27 05:09:51.480877+00:00,2556.56,24.865,2559.765,12.44
ETH/USD,2025-05-27 05:09:51.481984+00:00,2556.56,24.865,2561.377,24.847
ETH/USD,2025-05-27 05:09:51.482157+00:00,2556.56,24.865,2559.1,12.399
ETH/USD,2025-05-27 05:09:51.482285+00:00,2555.0,12.4,2559.1,12.399
ETH/USD,2025-05-27 05:11:19.605376+00:00,2554.3,25.0752,2559.1,12.399
ETH/USD,2025-05-27 05:11:19.605606+00:00,2554.3,25.0752,2560.164,24.812
ETH/USD,2025-05-27 05:11:19.605706+00:00,2554.3,25.0752,2558.12,12.59
ETH/USD,2025-05-27 05:11:19.606075+00:00,2553.87,37.7802,2558.12,12.59
ETH/USD,2025-05-27 05:11:19.606141+00:00,2553.94,24.7875,2558.12,12.59
ETH/USD,2025-05-27 05:11:46.701681+00:00,2553.59,12.4132,2558.12,12.59
ETH/USD,2025-05-27 05:11:46.702014+00:00,2556.17,12.4723,2558.12,12.59
ETH/USD,2025-05-27 05:11:46.702120+00:00,2556.17,12.4723,2559.0,25.055
ETH/USD,2025-05-27 05:11:46.702180+00:00,2556.17,12.4723,2558.558,12.6192
ETH/USD,2025-05-27 05:12:33.406498+00:00,2556.17,12.4723,2560.1,25.1116
ETH/USD,2025-05-27 05:12:33.406638+00:00,2554.855,25.08,2560.1,25.1116
ETH/USD,2025-05-27 05:12:33.406707+00:00,2557.4,12.4755,2560.1,25.1116
ETH/USD,2025-05-27 05:12:33.406966+00:00,2557.4,12.4755,2561.51,37.348
ETH/USD,2025-05-27 05:12:33.407084+00:00,2557.4,12.4755,2560.641,12.596
ETH/USD,2025-05-27 05:15:02.872400+00:00,2556.686,25.2484,2560.641,12.596
ETH/USD,2025-05-27 05:15:02.872890+00:00,2557.8,12.6,2560.641,12.596
ETH/USD,2025-05-27 05:15:02.873045+00:00,2557.8,12.6,2560.86,25.23
ETH/USD,2025-05-27 05:15:02.873373+00:00,2557.95,25.25,2560.86,25.23
ETH/USD,2025-05-27 05:15:02.873465+00:00,2557.95,25.25,2561.24,12.63
ETH/USD,2025-05-27 05:15:21.286937+00:00,2557.8,12.6,2561.24,12.63
ETH/USD,2025-05-27 05:15:21.286981+00:00,2557.8,12.6,2562.957,25.274
ETH/USD,2025-05-27 05:15:21.287032+00:00,2557.8,12.6,2560.089,12.577
ETH/USD,2025-05-27 05:15:21.287128+00:00,2556.416,12.613,2560.089,12.577
ETH/USD,2025-05-27 05:15:51.726178+00:00,2556.4,25.08,2560.089,12.577
ETH/USD,2025-05-27 05:15:51.726460+00:00,2556.4,25.08,2561.9,24.92
ETH/USD,2025-05-27 05:15:51.726579+00:00,2556.4,25.08,2559.741,12.429
ETH/USD,2025-05-27 05:15:51.726711+00:00,2555.91,12.5,2559.741,12.429
ETH/USD,2025-05-27 05:15:51.727120+00:00,2555.91,12.5,2559.3,25.102
ETH/USD,2025-05-27 05:16:23.691731+00:00,2555.2,25.098,2559.3,25.102
ETH/USD,2025-05-27 05:16:23.692621+00:00,2555.2,25.098,2559.741,12.429
ETH/USD,2025-05-27 05:16:23.693131+00:00,2555.2,25.098,2557.7,12.466
ETH/USD,2025-05-27 05:16:23.693261+00:00,2554.4,12.589,2557.7,12.466
ETH/USD,2025-05-27 05:16:47.732867+00:00,2553.815,24.808,2557.7,12.466
ETH/USD,2025-05-27 05:16:47.733066+00:00,2553.815,24.808,2559.096,24.84
ETH/USD,2025-05-27 05:16:47.733260+00:00,2553.815,24.808,2556.6,12.519
ETH/USD,2025-05-27 05:16:47.733267+00:00,2552.453,12.515,2556.6,12.519
ETH/USD,2025-05-27 05:17:11.216479+00:00,2552.2,25.2215,2556.6,12.519
ETH/USD,2025-05-27 05:17:11.216845+00:00,2552.317,12.466,2556.6,12.519
ETH/USD,2025-05-27 05:17:11.216986+00:00,2552.317,12.466,2557.44,24.812
ETH/USD,2025-05-27 05:17:11.217090+00:00,2552.317,12.466,2555.4,12.45
ETH/USD,2025-05-27 05:17:18.521382+00:00,2550.4,25.1723,2555.4,12.45
ETH/USD,2025-05-27 05:17:18.521485+00:00,2549.54,37.6838,2555.4,12.45
ETH/USD,2025-05-27 05:17:18.521522+00:00,2549.55,12.402,2555.4,12.45
ETH/USD,2025-05-27 05:17:18.521608+00:00,2549.55,12.402,2556.12,24.7853
ETH/USD,2025-05-27 05:17:18.521899+00:00,2549.55,12.402,2553.548,12.6089
ETH/USD,2025-05-27 05:17:39.084199+00:00,2549.5,25.2472,2553.548,12.6089
ETH/USD,2025-05-27 05:17:39.085498+00:00,2551.352,12.584,2553.548,12.6089
ETH/USD,2025-05-27 05:17:39.085509+00:00,2551.352,12.584,2554.244,25.193
ETH/USD,2025-05-27 05:17:39.085517+00:00,2551.352,12.584,2554.2,12.58
ETH/USD,2025-05-27 05:18:24.113299+00:00,2551.352,12.584,2555.129,25.19
ETH/USD,2025-05-27 05:18:24.113698+00:00,2551.2,24.8506,2555.129,25.19
ETH/USD,2025-05-27 05:18:24.113991+00:00,2553.17,12.5996,2555.129,25.19
ETH/USD,2025-05-27 05:18:24.114536+00:00,2553.17,12.5996,2558.1,37.4665
ETH/USD,2025-05-27 05:18:24.114633+00:00,2553.17,12.5996,2555.968,12.6254
ETH/USD,2025-05-27 05:19:28.882573+00:00,2551.3,25.253,2555.968,12.6254
ETH/USD,2025-05-27 05:19:28.882731+00:00,2554.5,12.5379,2555.968,12.6254
ETH/USD,2025-05-27 05:19:28.883329+00:00,2554.5,12.5379,2556.43,25.28
ETH/USD,2025-05-27 05:19:28.884064+00:00,2554.5,12.5379,2557.5,12.4785
ETH/USD,2025-05-27 05:23:01.678818+00:00,2552.887,25.268,2557.5,12.4785
ETH/USD,2025-05-27 05:23:01.679274+00:00,2553.4,12.42,2557.5,12.4785
ETH/USD,2025-05-27 05:23:01.680173+00:00,2553.4,12.42,2559.0,25.01
ETH/USD,2025-05-27 05:23:01.680365+00:00,2553.4,12.42,2556.9,12.53
ETH/USD,2025-05-27 05:23:01.680851+00:00,2553.4,12.42,2556.6,24.9655
ETH/USD,2025-05-27 05:24:19.474762+00:00,2551.3,24.921,2556.6,24.9655
ETH/USD,2025-05-27 05:24:19.475189+00:00,2554.58,12.57,2556.6,24.9655
ETH/USD,2025-05-27 05:24:19.475740+00:00,2554.58,12.57,2556.9,12.53
ETH/USD,2025-05-27 05:24:19.476104+00:00,2554.58,12.57,2557.764,12.6
ETH/USD,2025-05-27 05:29:40.685806+00:00,2553.274,25.272,2557.764,12.6
ETH/USD,2025-05-27 05:29:40.686134+00:00,2555.763,12.4656,2557.764,12.6
ETH/USD,2025-05-27 05:29:40.686204+00:00,2555.763,12.4656,2558.18,25.2482
ETH/USD,2025-05-27 05:29:40.687058+00:00,2555.763,12.4656,2559.3,12.4589
ETH/USD,2025-05-27 05:30:27.095692+00:00,2555.763,12.4656,2559.3,12.456984648
ETH/USD,2025-05-27 05:30:27.332088+00:00,2554.789,25.0609,2559.3,12.456984648
ETH/USD,2025-05-27 05:30:27.332894+00:00,2554.789,25.0609,2560.407,25.2077
ETH/USD,2025-05-27 05:30:27.332974+00:00,2554.789,25.0609,2558.9,12.51
ETH/USD,2025-05-27 05:30:27.333075+00:00,2554.17,12.42,2558.9,12.51
ETH/USD,2025-05-27 05:30:27.333330+00:00,2554.17,12.42,2558.7,25.0408
ETH/USD,2025-05-27 05:30:49.288258+00:00,2553.336,25.204,2558.7,25.0408
ETH/USD,2025-05-27 05:30:49.289056+00:00,2555.5,12.5763,2558.7,25.0408
ETH/USD,2025-05-27 05:30:49.289348+00:00,2555.5,12.5763,2558.9,12.51
ETH/USD,2025-05-27 05:30:49.289638+00:00,2556.043,25.11,2558.9,12.51
ETH/USD,2025-05-27 05:30:49.289890+00:00,2556.043,25.11,2559.014,12.6019
ETH/USD,2025-05-27 05:32:39.222548+00:00,2556.043,25.11,2560.234,25.043
ETH/USD,2025-05-27 05:32:39.222921+00:00,2555.5,12.5763,2560.234,25.043
ETH/USD,2025-05-27 05:32:39.223301+00:00,2557.297,12.512,2560.234,25.043
ETH/USD,2025-05-27 05:32:39.223656+00:00,2557.297,12.512,2561.6,37.2905
ETH/USD,2025-05-27 05:32:39.223713+00:00,2557.297,12.512,2560.826,12.64
ETH/USD,2025-05-27 05:32:39.223871+00:00,2557.4,25.2271,2560.826,12.64
ETH/USD,2025-05-27 05:33:54.490460+00:00,2557.297,12.512,2560.826,12.64
ETH/USD,2025-05-27 05:33:54.491629+00:00,2557.297,12.512,2561.5,25.1028
ETH/USD,2025-05-27 05:33:54.491860+00:00,2557.297,12.512,2559.47,12.413
ETH/USD,2025-05-27 05:33:54.492138+00:00,2555.608,12.5617,2559.47,12.413
ETH/USD,2025-05-27 05:33:54.492257+00:00,2555.69,24.889,2559.47,12.413
ETH/USD,2025-05-27 05:34:01.280402+00:00,2555.608,12.5617,2559.47,12.413
ETH/USD,2025-05-27 05:34:01.281122+00:00,2555.608,12.5617,2560.148,24.873
ETH/USD,2025-05-27 05:34:01.281287+00:00,2555.608,12.5617,2557.467,12.609
ETH/USD,2025-05-27 05:34:01.281343+00:00,2555.23,12.547,2557.467,12.609
ETH/USD,2025-05-27 05:34:14.085349+00:00,2553.544,24.957,2557.467,12.609
ETH/USD,2025-05-27 05:34:14.085673+00:00,2552.5,37.73,2557.467,12.609
ETH/USD,2025-05-27 05:34:14.086436+00:00,2553.68,12.476,2557.467,12.609
ETH/USD,2025-05-27 05:34:14.086464+00:00,2553.68,12.476,2559.702,24.8786
ETH/USD,2025-05-27 05:34:14.086705+00:00,2553.68,12.476,2556.74,12.55
ETH/USD,2025-05-27 05:34:46.203339+00:00,2553.3,25.04,2556.74,12.55
ETH/USD,2025-05-27 05:34:46.203506+00:00,2555.533,12.52,2556.74,12.55
ETH/USD,2025-05-27 05:34:46.203669+00:00,2555.533,12.52,2557.0,25.193
ETH/USD,2025-05-27 05:34:46.205194+00:00,2555.533,12.52,2558.5,12.5852
ETH/USD,2025-05-27 05:35:21.473292+00:00,2554.74,24.788,2558.5,12.5852
ETH/USD,2025-05-27 05:35:21.474126+00:00,2555.39,12.4767,2558.5,12.5852
ETH/USD,2025-05-27 05:35:21.474299+00:00,2555.39,12.4767,2559.7,25.182
ETH/USD,2025-05-27 05:35:21.474646+00:00,2555.7,25.1502,2559.7,25.182
ETH/USD,2025-05-27 05:35:21.474755+00:00,2555.7,25.1502,2560.12,12.52
ETH/USD,2025-05-27 05:35:33.203674+00:00,2555.39,12.4767,2560.12,12.52
ETH/USD,2025-05-27 05:35:33.204009+00:00,2557.091,12.474,2560.12,12.52
ETH/USD,2025-05-27 05:35:33.204079+00:00,2557.091,12.474,2561.1,25.2003
ETH/USD,2025-05-27 05:35:33.204194+00:00,2557.091,12.474,2560.7,12.62
ETH/USD,2025-05-27 05:36:17.004557+00:00,2556.905,25.092,2560.7,12.62
ETH/USD,2025-05-27 05:36:17.004602+00:00,2556.905,25.092,2561.206,25.12
ETH/USD,2025-05-27 05:36:17.004829+00:00,2556.905,25.092,2559.2,12.48
ETH/USD,2025-05-27 05:36:17.005114+00:00,2556.5,12.526,2559.2,12.48
ETH/USD,2025-05-27 05:36:24.109656+00:00,2554.46,25.0457,2559.2,12.48
ETH/USD,2025-05-27 05:36:24.109707+00:00,2557.791,12.468,2559.2,12.48
ETH/USD,2025-05-27 05:36:24.109744+00:00,2557.791,12.468,2559.8,25.063
ETH/USD,2025-05-27 05:36:24.109891+00:00,2557.791,12.468,2559.9,12.6177
ETH/USD,2025-05-27 05:36:40.410433+00:00,2557.791,12.468,2561.535,24.9
ETH/USD,2025-05-27 05:36:40.411002+00:00,2556.5,25.2,2561.535,24.9
ETH/USD,2025-05-27 05:36:40.411479+00:00,2558.534,12.487,2561.535,24.9
ETH/USD,2025-05-27 05:36:40.411839+00:00,2558.534,12.487,2563.314,37.882
ETH/USD,2025-05-27 05:36:40.412026+00:00,2558.534,12.487,2562.1,12.5339
ETH/USD,2025-05-27 05:37:05.917633+00:00,2557.536,24.9164,2562.1,12.5339
ETH/USD,2025-05-27 05:37:05.917812+00:00,2559.3,12.624,2562.1,12.5339
ETH/USD,2025-05-27 05:37:05.917877+00:00,2559.3,12.624,2563.5,24.998
ETH/USD,2025-05-27 05:37:05.917894+00:00,2559.3,12.624,2563.415,12.505
ETH/USD,2025-05-27 05:37:25.071745+00:00,2559.24,24.816,2563.415,12.505
ETH/USD,2025-05-27 05:37:25.071914+00:00,2561.8,12.602,2563.415,12.505
ETH/USD,2025-05-27 05:37:25.072047+00:00,2561.8,12.602,2564.752,25.2202
ETH/USD,2025-05-27 05:37:25.072836+00:00,2561.8,12.602,2563.891,12.55
ETH/USD,2025-05-27 05:41:11.117601+00:00,2561.8,12.602,2565.76,24.8459
ETH/USD,2025-05-27 05:41:11.118208+00:00,2560.84,25.008,2565.76,24.8459
ETH/USD,2025-05-27 05:41:11.118575+00:00,2562.406,12.46,2565.76,24.8459
ETH/USD,2025-05-27 05:41:11.118779+00:00,2562.406,12.46,2567.094,37.3994
ETH/USD,2025-05-27 05:41:11.118867+00:00,2562.406,12.46,2565.79,12.4026
ETH/USD,2025-05-27 05:41:57.006679+00:00,2562.01,25.27,2565.79,12.4026
ETH/USD,2025-05-27 05:41:57.006843+00:00,2563.9,12.45,2565.79,12.4026
ETH/USD,2025-05-27 05:41:57.006986+00:00,2563.9,12.45,2566.4,25.17
ETH/USD,2025-05-27 05:41:57.007595+00:00,2563.9,12.45,2567.818,12.635
ETH/USD,2025-05-27 05:45:45.611292+00:00,2562.8,25.0007,2567.818,12.635
ETH/USD,2025-05-27 05:45:45.611398+00:00,2562.8,25.0007,2568.312,24.833
ETH/USD,2025-05-27 05:45:45.611568+00:00,2562.8,25.0007,2566.401,12.55
ETH/USD,2025-05-27 05:45:45.611572+00:00,2562.602,12.47,2566.401,12.55
ETH/USD,2025-05-27 05:45:45.611928+00:00,2562.602,12.47,2566.2,24.9
ETH/USD,2025-05-27 05:47:08.403344+00:00,2562.1,25.069,2566.2,24.9
ETH/USD,2025-05-27 05:47:08.403844+00:00,2563.74,12.49,2566.2,24.9
ETH/USD,2025-05-27 05:47:08.404030+00:00,2563.74,12.49,2566.401,12.55
ETH/USD,2025-05-27 05:47:08.404625+00:00,2563.74,12.49,2567.5,12.46
ETH/USD,2025-05-27 05:48:34.303128+00:00,2562.3,25.0291,2567.5,12.46
ETH/USD,2025-05-27 05:48:34.303372+00:00,2565.33,12.3961,2567.5,12.46
ETH/USD,2025-05-27 05:48:34.303636+00:00,2565.33,12.3961,2567.8,25.153
ETH/USD,2025-05-27 05:48:34.304221+00:00,2565.33,12.3961,2568.5,12.4028
ETH/USD,2025-05-27 05:48:51.309726+00:00,2564.96,24.817,2568.5,12.4028
ETH/USD,2025-05-27 05:48:51.309830+00:00,2566.5,12.6,2568.5,12.4028
ETH/USD,2025-05-27 05:48:51.309974+00:00,2566.5,12.6,2569.39,25.09
ETH/USD,2025-05-27 05:48:51.310714+00:00,2566.5,12.6,2569.749,12.538
ETH/USD,2025-05-27 05:49:04.703986+00:00,2565.045,24.8598,2569.749,12.538
ETH/USD,2025-05-27 05:49:04.704093+00:00,2568.2,12.5,2569.749,12.538
ETH/USD,2025-05-27 05:49:04.704107+00:00,2568.2,12.5,2570.4,25.21
ETH/USD,2025-05-27 05:49:04.704639+00:00,2568.2,12.5,2571.11,12.4901
ETH/USD,2025-05-27 05:49:07.518854+00:00,2566.497,24.876,2571.11,12.4901
ETH/USD,2025-05-27 05:49:07.519079+00:00,2569.3,12.549,2571.11,12.4901
ETH/USD,2025-05-27 05:49:07.519315+00:00,2569.3,12.549,2571.879,24.7985
ETH/USD,2025-05-27 05:49:07.520145+00:00,2569.3,12.549,2572.358,12.61
ETH/USD,2025-05-27 05:51:02.272405+00:00,2567.7,25.0382,2572.358,12.61
ETH/USD,2025-05-27 05:51:02.273455+00:00,2567.7,25.0382,2572.98,25.164
ETH/USD,2025-05-27 05:51:02.273534+00:00,2567.7,25.0382,2570.5,12.64
ETH/USD,2025-05-27 05:51:02.273610+00:00,2566.953,12.398,2570.5,12.64
ETH/USD,2025-05-27 05:51:50.671106+00:00,2566.953,12.398,2571.63,25.035
ETH/USD,2025-05-27 05:51:50.671520+00:00,2566.89,24.99,2571.63,25.035
ETH/USD,2025-05-27 05:51:50.671620+00:00,2569.1,12.4983,2571.63,25.035
ETH/USD,2025-05-27 05:51:50.671699+00:00,2569.1,12.4983,2572.971,37.5729
ETH/USD,2025-05-27 05:51:50.671726+00:00,2569.1,12.4983,2572.42,12.521
ETH/USD,2025-05-27 05:52:17.156402+00:00,2568.1,24.8787,2572.42,12.521
ETH/USD,2025-05-27 05:52:17.156423+00:00,2570.4,12.5063,2572.42,12.521
ETH/USD,2025-05-27 05:52:17.156471+00:00,2570.4,12.5063,2573.158,25.1587
ETH/USD,2025-05-27 05:52:17.156869+00:00,2570.4,12.5063,2573.4,12.53
ETH/USD,2025-05-27 05:52:17.928350+00:00,2570.19,24.836,2573.4,12.53
ETH/USD,2025-05-27 05:52:17.928648+00:00,2570.969,12.53,2573.4,12.53
ETH/USD,2025-05-27 05:52:17.928983+00:00,2570.969,12.53,2574.0,25.16
ETH/USD,2025-05-27 05:52:17.929750+00:00,2570.969,12.53,2574.5,12.514
ETH/USD,2025-05-27 05:52:29.287727+00:00,2570.969,12.529411605,2574.5,12.514
ETH/USD,2025-05-27 05:52:29.570747+00:00,2570.5,25.108,2574.5,12.514
ETH/USD,2025-05-27 05:52:29.570886+00:00,2571.1,12.4067,2574.5,12.514
ETH/USD,2025-05-27 05:52:29.571358+00:00,2571.1,12.4067,2576.3,25.0732
ETH/USD,2025-05-27 05:52:29.571572+00:00,2571.1,12.4067,2574.7,12.409
ETH/USD,2025-05-27 05:52:36.279553+00:00,2571.02,24.867,2574.7,12.409
ETH/USD,2025-05-27 05:52:36.279894+00:00,2571.02,24.867,2575.5,24.96
ETH/USD,2025-05-27 05:52:36.279950+00:00,2571.02,24.867,2574.5,12.4249
ETH/USD,2025-05-27 05:52:36.280033+00:00,2570.0,12.52,2574.5,12.4249
ETH/USD,2025-05-27 05:52:36.280512+00:00,2570.08,24.85,2574.5,12.4249
ETH/USD,2025-05-27 05:52:36.280949+00:00,2570.08,24.85,2574.06,24.902
ETH/USD,2025-05-27 05:53:02.724563+00:00,2570.0,12.52,2574.06,24.902
ETH/USD,2025-05-27 05:53:02.724861+00:00,2572.48,12.42,2574.06,24.902
ETH/USD,2025-05-27 05:53:02.725026+00:00,2572.48,12.42,2574.5,12.4249
ETH/USD,2025-05-27 05:53:02.726200+00:00,2572.48,12.42,2575.89,12.53
ETH/USD,2025-05-27 05:55:27.804765+00:00,2570.963,25.1823,2575.89,12.53
ETH/USD,2025-05-27 05:55:27.805195+00:00,2569.3,37.56,2575.89,12.53
ETH/USD,2025-05-27 05:55:27.805391+00:00,2570.3,12.56,2575.89,12.53
ETH/USD,2025-05-27 05:55:27.805610+00:00,2570.3,12.56,2576.667,24.84
ETH/USD,2025-05-27 05:55:27.805811+00:00,2570.3,12.56,2573.85,12.636
ETH/USD,2025-05-27 05:55:56.600338+00:00,2568.9,24.88,2573.85,12.636
ETH/USD,2025-05-27 05:55:56.600533+00:00,2572.304,12.52,2573.85,12.636
ETH/USD,2025-05-27 05:55:56.600891+00:00,2572.304,12.52,2574.13,24.975
ETH/USD,2025-05-27 05:55:56.601767+00:00,2572.304,12.52,2575.331,12.5945
ETH/USD,2025-05-27 05:57:12.107640+00:00,2571.3,24.968,2575.331,12.5945
ETH/USD,2025-05-27 05:57:12.108307+00:00,2569.79,37.527,2575.331,12.5945
ETH/USD,2025-05-27 05:57:12.108842+00:00,2570.3,12.404,2575.331,12.5945
ETH/USD,2025-05-27 05:57:12.109323+00:00,2570.3,12.404,2575.99,25.0
ETH/USD,2025-05-27 05:57:12.109505+00:00,2570.3,12.404,2574.03,12.584
ETH/USD,2025-05-27 05:57:36.873173+00:00,2569.616,25.28,2574.03,12.584
ETH/USD,2025-05-27 05:57:36.873721+00:00,2569.616,25.28,2574.9,24.961
ETH/USD,2025-05-27 05:57:36.873889+00:00,2569.616,25.28,2572.3,12.57
ETH/USD,2025-05-27 05:57:36.874008+00:00,2568.7,12.58,2572.3,12.57
ETH/USD,2025-05-27 05:57:36.874084+00:00,2569.0,25.0602,2572.3,12.57
ETH/USD,2025-05-27 06:00:02.847469+00:00,2569.0,25.0602,2572.3,12.539257695
ETH/USD,2025-05-27 06:00:03.035035+00:00,2568.7,12.58,2572.3,12.539257695
ETH/USD,2025-05-27 06:00:03.035480+00:00,2568.9,12.449,2572.3,12.539257695
ETH/USD,2025-05-27 06:00:03.035628+00:00,2568.9,12.449,2572.8,25.06
ETH/USD,2025-05-27 06:00:03.035767+00:00,2568.9,12.449,2572.106,12.6368
ETH/USD,2025-05-27 06:00:10.080120+00:00,2568.9,12.449,2572.8,25.1711
ETH/USD,2025-05-27 06:00:10.080201+00:00,2568.804,24.981,2572.8,25.1711
ETH/USD,2025-05-27 06:00:10.080468+00:00,2570.458,12.5505,2572.8,25.1711
ETH/USD,2025-05-27 06:00:10.081053+00:00,2570.458,12.5505,2574.51,37.79
ETH/USD,2025-05-27 06:00:10.081244+00:00,2570.458,12.5505,2574.0,12.411
ETH/USD,2025-05-27 06:00:18.312289+00:00,2569.22,25.15,2574.0,12.411
ETH/USD,2025-05-27 06:00:18.312653+00:00,2571.13,12.4739,2574.0,12.411
ETH/USD,2025-05-27 06:00:18.313036+00:00,2571.13,12.4739,2574.3,25.22
ETH/USD,2025-05-27 06:00:18.313784+00:00,2571.13,12.4739,2575.97,12.5232
ETH/USD,2025-05-27 06:00:28.360337+00:00,2571.13,12.4739,2575.97,12.521297043
ETH/USD,2025-05-27 06:00:28.610918+00:00,2570.6,24.82,2575.97,12.521297043
ETH/USD,2025-05-27 06:00:28.611461+00:00,2571.5,12.56,2575.97,12.521297043
ETH/USD,2025-05-27 06:00:28.611681+00:00,2571.5,12.56,2576.1,25.0713
ETH/USD,2025-05-27 06:00:28.612005+00:00,2571.5,12.56,2576.0,12.4675
ETH/USD,2025-05-27 06:00:28.612461+00:00,2571.7,25.203,2576.0,12.4675
ETH/USD,2025-05-27 06:00:55.886469+00:00,2571.5,12.56,2576.0,12.4675
ETH/USD,2025-05-27 06:00:55.887186+00:00,2573.8,12.6177,2576.0,12.4675
ETH/USD,2025-05-27 06:00:55.887503+00:00,2573.8,12.6177,2576.387,25.1
ETH/USD,2025-05-27 06:00:55.887579+00:00,2573.8,12.6177,2576.26,12.54
ETH/USD,2025-05-27 06:01:10.929532+00:00,2573.8,12.6177,2576.26,12.53
ETH/USD,2025-05-27 06:01:11.221216+00:00,2573.0,24.8701,2576.26,12.53
ETH/USD,2025-05-27 06:01:11.221819+00:00,2573.0,37.4061,2576.26,12.53
ETH/USD,2025-05-27 06:01:11.222053+00:00,2573.0,37.4061,2577.78,24.9007
ETH/USD,2025-05-27 06:01:11.222481+00:00,2573.0,37.4061,2576.9,12.574
ETH/USD,2025-05-27 06:01:11.222735+00:00,2573.0,12.536,2576.9,12.574
ETH/USD,2025-05-27 06:02:24.277416+00:00,2572.848,25.17,2576.9,12.574
ETH/USD,2025-05-27 06:02:24.278078+00:00,2572.848,25.17,2577.263,24.98
ETH/USD,2025-05-27 06:02:24.278257+00:00,2572.848,25.17,2576.11,12.559
ETH/USD,2025-05-27 06:02:24.278386+00:00,2572.741,12.4134,2576.11,12.559
ETH/USD,2025-05-27 06:02:24.278689+00:00,2572.741,12.4134,2575.91,24.812
ETH/USD,2025-05-27 06:02:40.474184+00:00,2571.8,25.08,2575.91,24.812
ETH/USD,2025-05-27 06:02:40.474589+00:00,2573.519,12.438,2575.91,24.812
ETH/USD,2025-05-27 06:02:40.474860+00:00,2573.519,12.438,2576.11,12.559
ETH/USD,2025-05-27 06:02:40.475812+00:00,2573.519,12.438,2576.6,12.6246
ETH/USD,2025-05-27 06:03:05.876026+00:00,2573.519,12.438,2578.4,24.97
ETH/USD,2025-05-27 06:03:05.876049+00:00,2572.5,25.0534,2578.4,24.97
ETH/USD,2025-05-27 06:03:05.876059+00:00,2575.6,12.47,2578.4,24.97
ETH/USD,2025-05-27 06:03:05.876163+00:00,2575.6,12.47,2580.05,37.301
ETH/USD,2025-05-27 06:03:05.876419+00:00,2575.6,12.47,2577.87,12.4719
ETH/USD,2025-05-27 06:04:12.212406+00:00,2575.6,12.47,2579.44,24.946
ETH/USD,2025-05-27 06:04:12.212594+00:00,2573.815,25.26,2579.44,24.946
ETH/USD,2025-05-27 06:04:12.212859+00:00,2576.08,12.491,2579.44,24.946
ETH/USD,2025-05-27 06:04:12.213002+00:00,2576.08,12.491,2580.92,37.564
ETH/USD,2025-05-27 06:04:12.213259+00:00,2576.08,12.491,2580.339,12.587
ETH/USD,2025-05-27 06:04:12.213575+00:00,2576.2,24.7836,2580.339,12.587
ETH/USD,2025-05-27 06:04:12.501692+00:00,2576.08,12.491,2580.339,12.587
ETH/USD,2025-05-27 06:04:12.502020+00:00,2578.517,12.53,2580.339,12.587
ETH/USD,2025-05-27 06:04:12.502397+00:00,2578.517,12.53,2581.77,24.974
ETH/USD,2025-05-27 06:04:12.503537+00:00,2578.517,12.53,2581.89,12.514
ETH/USD,2025-05-27 06:04:14.077519+00:00,2577.795,24.9432,2581.89,12.514
ETH/USD,2025-05-27 06:04:14.077664+00:00,2579.402,12.448,2581.89,12.514
ETH/USD,2025-05-27 06:04:14.077966+00:00,2579.402,12.448,2582.4,25.152
ETH/USD,2025-05-27 06:04:14.079018+00:00,2579.402,12.448,2583.533,12.5432
ETH/USD,2025-05-27 06:04:54.082335+00:00,2578.901,25.0766,2583.533,12.5432
ETH/USD,2025-05-27 06:04:54.082489+00:00,2581.8,12.6106,2583.533,12.5432
ETH/USD,2025-05-27 06:04:54.082531+00:00,2581.8,12.6106,2583.79,25.16
ETH/USD,2025-05-27 06:04:54.083641+00:00,2581.8,12.6106,2584.69,12.5853
ETH/USD,2025-05-27 06:05:00.891103+00:00,2580.3,24.84,2584.69,12.5853
ETH/USD,2025-05-27 06:05:00.891502+00:00,2582.54,12.5158,2584.69,12.5853
ETH/USD,2025-05-27 06:05:00.892015+00:00,2582.54,12.5158,2586.097,25.08
ETH/USD,2025-05-27 06:05:00.892437+00:00,2582.54,12.5158,2585.871,12.5
ETH/USD,2025-05-27 06:05:08.326146+00:00,2581.9,24.919,2585.871,12.5
ETH/USD,2025-05-27 06:05:08.326353+00:00,2584.5,12.549,2585.871,12.5
ETH/USD,2025-05-27 06:05:08.326699+00:00,2584.5,12.549,2586.3,24.832
ETH/USD,2025-05-27 06:05:08.327818+00:00,2584.5,12.549,2587.842,12.49
ETH/USD,2025-05-27 06:05:09.821376+00:00,2583.8,25.122,2587.842,12.49
ETH/USD,2025-05-27 06:05:09.821551+00:00,2584.932,12.42,2587.842,12.49
ETH/USD,2025-05-27 06:05:09.822006+00:00,2584.932,12.42,2588.08,24.888
ETH/USD,2025-05-27 06:05:09.822716+00:00,2584.932,12.42,2588.9,12.55
ETH/USD,2025-05-27 06:05:14.524678+00:00,2584.0,24.97,2588.9,12.55
ETH/USD,2025-05-27 06:05:14.524688+00:00,2586.4,12.59,2588.9,12.55
ETH/USD,2025-05-27 06:05:14.524730+00:00,2586.4,12.59,2589.141,25.243
ETH/USD,2025-05-27 06:05:14.525097+00:00,2586.4,12.59,2590.0,12.5201
ETH/USD,2025-05-27 06:05:19.516232+00:00,2586.39,24.877,2590.0,12.5201
ETH/USD,2025-05-27 06:05:19.516292+00:00,2589.0,12.511,2590.0,12.5201
ETH/USD,2025-05-27 06:05:19.516911+00:00,2589.0,12.511,2591.581,25.086
ETH/USD,2025-05-27 06:05:19.517539+00:00,2589.0,12.511,2591.07,12.627
ETH/USD,2025-05-27 06:05:28.124780+00:00,2589.0,12.511,2592.3,24.9197
ETH/USD,2025-05-27 06:05:28.124867+00:00,2588.2,24.988,2592.3,24.9197
ETH/USD,2025-05-27 06:05:28.125057+00:00,2590.3,12.5889,2592.3,24.9197
ETH/USD,2025-05-27 06:05:28.125209+00:00,2590.3,12.5889,2594.63,37.394
ETH/USD,2025-05-27 06:05:28.125548+00:00,2590.3,12.5889,2593.32,12.416
ETH/USD,2025-05-27 06:05:33.611221+00:00,2588.18,25.062,2593.32,12.416
ETH/USD,2025-05-27 06:05:33.611277+00:00,2586.6,37.34,2593.32,12.416
ETH/USD,2025-05-27 06:05:33.611370+00:00,2587.55,12.5466,2593.32,12.416
ETH/USD,2025-05-27 06:05:33.611632+00:00,2587.55,12.5466,2593.824,25.2107
ETH/USD,2025-05-27 06:05:33.611826+00:00,2587.55,12.5466,2592.01,12.4309
ETH/USD,2025-05-27 06:05:33.612271+00:00,2588.1,24.9915,2592.01,12.4309
ETH/USD,2025-05-27 06:05:36.681882+00:00,2587.55,12.5466,2592.01,12.4309
ETH/USD,2025-05-27 06:05:36.682511+00:00,2590.4,12.53,2592.01,12.4309
ETH/USD,2025-05-27 06:05:36.682817+00:00,2590.4,12.53,2592.8,25.026
ETH/USD,2025-05-27 06:05:36.683430+00:00,2590.4,12.53,2593.241,12.48
ETH/USD,2025-05-27 06:05:38.510739+00:00,2588.56,25.0473,2593.241,12.48
ETH/USD,2025-05-27 06:05:38.510761+00:00,2591.357,12.61,2593.241,12.48
ETH/USD,2025-05-27 06:05:38.511393+00:00,2591.357,12.61,2594.664,24.8338
ETH/USD,2025-05-27 06:05:38.511583+00:00,2591.357,12.61,2594.36,12.4286
ETH/USD,2025-05-27 06:05:40.821132+00:00,2590.56,25.21,2594.36,12.4286
ETH/USD,2025-05-27 06:05:40.822122+00:00,2590.56,25.21,2595.05,24.8423
ETH/USD,2025-05-27 06:05:40.822328+00:00,2590.56,25.21,2593.48,12.52
ETH/USD,2025-05-27 06:05:40.822450+00:00,2590.41,12.55,2593.48,12.52
ETH/USD,2025-05-27 06:05:50.282804+00:00,2589.695,24.9437,2593.48,12.52
ETH/USD,2025-05-27 06:05:50.283258+00:00,2587.9,37.636,2593.48,12.52
ETH/USD,2025-05-27 06:05:50.283458+00:00,2587.928,12.624,2593.48,12.52
ETH/USD,2025-05-27 06:05:50.283670+00:00,2587.928,12.624,2594.126,25.024
ETH/USD,2025-05-27 06:05:50.283834+00:00,2587.928,12.624,2591.53,12.3997
ETH/USD,2025-05-27 06:05:51.291679+00:00,2587.928,12.624,2592.38,24.8528
ETH/USD,2025-05-27 06:05:51.292001+00:00,2586.98,25.1572,2592.38,24.8528
ETH/USD,2025-05-27 06:05:51.292321+00:00,2589.373,12.493,2592.38,24.8528
ETH/USD,2025-05-27 06:05:51.292550+00:00,2589.373,12.493,2594.72,37.8496
ETH/USD,2025-05-27 06:05:51.292633+00:00,2589.373,12.493,2593.47,12.45
ETH/USD,2025-05-27 06:06:01.102634+00:00,2588.4,25.07,2593.47,12.45
ETH/USD,2025-05-27 06:06:01.102879+00:00,2591.8,12.4133,2593.47,12.45
ETH/USD,2025-05-27 06:06:01.103032+00:00,2591.8,12.4133,2593.6,25.23
ETH/USD,2025-05-27 06:06:01.103877+00:00,2591.8,12.4133,2594.462,12.56
ETH/USD,2025-05-27 06:06:04.512550+00:00,2589.62,24.943,2594.462,12.56
ETH/USD,2025-05-27 06:06:04.512656+00:00,2593.0,12.444,2594.462,12.56
ETH/USD,2025-05-27 06:06:04.512665+00:00,2593.0,12.444,2594.87,25.011
ETH/USD,2025-05-27 06:06:04.513194+00:00,2593.0,12.444,2596.742,12.6155
ETH/USD,2025-05-27 06:06:05.618737+00:00,2592.11,25.1576,2596.742,12.6155
ETH/USD,2025-05-27 06:06:05.619117+00:00,2594.0,12.522,2596.742,12.6155
ETH/USD,2025-05-27 06:06:05.619247+00:00,2594.0,12.522,2597.313,25.077
ETH/USD,2025-05-27 06:06:05.619425+00:00,2594.0,12.522,2596.5,12.452
ETH/USD,2025-05-27 06:06:26.417569+00:00,2592.6,24.974,2596.5,12.452
ETH/USD,2025-05-27 06:06:26.418635+00:00,2592.6,24.974,2598.457,24.944
ETH/USD,2025-05-27 06:06:26.418728+00:00,2592.6,24.974,2596.63,12.62
ETH/USD,2025-05-27 06:06:26.418733+00:00,2592.257,12.475,2596.63,12.62
ETH/USD,2025-05-27 06:06:26.824875+00:00,2592.257,12.474362309,2596.63,12.62
ETH/USD,2025-05-27 06:06:27.094815+00:00,2591.44,25.14,2596.63,12.62
ETH/USD,2025-05-27 06:06:27.095670+00:00,2591.44,25.14,2596.707,25.1304
ETH/USD,2025-05-27 06:06:27.096129+00:00,2591.44,25.14,2594.9,12.563
ETH/USD,2025-05-27 06:06:27.096426+00:00,2590.96,12.6212,2594.9,12.563
ETH/USD,2025-05-27 06:06:27.148651+00:00,2590.9,25.17,2594.9,12.563
ETH/USD,2025-05-27 06:06:27.148724+00:00,2591.737,12.4302,2594.9,12.563
ETH/USD,2025-05-27 06:06:27.149001+00:00,2591.737,12.4302,2595.62,25.044
ETH/USD,2025-05-27 06:06:27.149038+00:00,2591.737,12.4302,2595.2,12.5275
ETH/USD,2025-05-27 06:06:29.089216+00:00,2590.7,24.86,2595.2,12.5275
ETH/USD,2025-05-27 06:06:29.089412+00:00,2589.2,37.344,2595.2,12.5275
ETH/USD,2025-05-27 06:06:29.090360+00:00,2589.935,12.46,2595.2,12.5275
ETH/USD,2025-05-27 06:06:29.090628+00:00,2589.935,12.46,2595.856,24.9123
ETH/USD,2025-05-27 06:06:29.090817+00:00,2589.935,12.46,2593.15,12.51
ETH/USD,2025-05-27 06:06:32.168945+00:00,2588.404,24.78,2593.15,12.51
ETH/USD,2025-05-27 06:06:32.169468+00:00,2588.404,24.78,2594.1,24.895
ETH/USD,2025-05-27 06:06:32.169498+00:00,2588.404,24.78,2592.4,12.57
ETH/USD,2025-05-27 06:06:32.169634+00:00,2587.86,12.601,2592.4,12.57
ETH/USD,2025-05-27 06:06:32.170234+00:00,2587.86,12.601,2591.917,25.22
ETH/USD,2025-05-27 06:06:32.483656+00:00,2586.87,25.11,2591.917,25.22
ETH/USD,2025-05-27 06:06:32.484811+00:00,2586.87,25.11,2592.4,12.57
ETH/USD,2025-05-27 06:06:32.484958+00:00,2586.87,25.11,2590.0,12.5256
ETH/USD,2025-05-27 06:06:32.485051+00:00,2586.4,12.428,2590.0,12.5256
ETH/USD,2025-05-27 06:07:01.479050+00:00,2586.4,12.428,2590.6,24.97
ETH/USD,2025-05-27 06:07:01.479415+00:00,2586.2,25.14,2590.6,24.97
ETH/USD,2025-05-27 06:07:01.479867+00:00,2588.072,12.5966,2590.6,24.97
ETH/USD,2025-05-27 06:07:01.480088+00:00,2588.072,12.5966,2593.44,37.3086
ETH/USD,2025-05-27 06:07:01.480474+00:00,2588.072,12.5966,2591.72,12.47
ETH/USD,2025-05-27 06:07:02.882618+00:00,2587.88,24.87,2591.72,12.47
ETH/USD,2025-05-27 06:07:02.882746+00:00,2589.66,12.54,2591.72,12.47
ETH/USD,2025-05-27 06:07:02.882905+00:00,2589.66,12.54,2593.2,24.8133
ETH/USD,2025-05-27 06:07:02.882993+00:00,2589.66,12.54,2592.5,12.6031
ETH/USD,2025-05-27 06:07:11.216552+00:00,2589.46,24.981,2592.5,12.6031
ETH/USD,2025-05-27 06:07:11.216777+00:00,2589.46,24.981,2593.1,24.88
ETH/USD,2025-05-27 06:07:11.216883+00:00,2589.46,24.981,2592.0,12.429
ETH/USD,2025-05-27 06:07:11.216928+00:00,2587.74,12.559,2592.0,12.429
ETH/USD,2025-05-27 06:07:11.217038+00:00,2588.176,24.98,2592.0,12.429
ETH/USD,2025-05-27 06:07:27.934040+00:00,2587.74,12.559,2592.0,12.429
ETH/USD,2025-05-27 06:07:27.934573+00:00,2587.74,12.559,2592.433,24.99
ETH/USD,2025-05-27 06:07:27.934669+00:00,2587.74,12.559,2589.703,12.4193
ETH/USD,2025-05-27 06:07:27.934968+00:00,2587.7,12.531,2589.703,12.4193
ETH/USD,2025-05-27 06:07:34.879972+00:00,2585.826,25.24,2589.703,12.4193
ETH/USD,2025-05-27 06:07:34.880303+00:00,2584.6,37.7883,2589.703,12.4193
ETH/USD,2025-05-27 06:07:34.880625+00:00,2584.964,12.4724,2589.703,12.4193
ETH/USD,2025-05-27 06:07:34.880711+00:00,2584.964,12.4724,2590.666,25.0068
ETH/USD,2025-05-27 06:07:34.880877+00:00,2584.964,12.4724,2588.78,12.5039
ETH/USD,2025-05-27 06:07:47.628245+00:00,2584.83,25.1134,2588.78,12.5039
ETH/USD,2025-05-27 06:07:47.628465+00:00,2584.83,25.1134,2590.58,25.14
ETH/USD,2025-05-27 06:07:47.628778+00:00,2584.83,25.1134,2587.437,12.53
ETH/USD,2025-05-27 06:07:47.628849+00:00,2584.827,12.3986,2587.437,12.53
ETH/USD,2025-05-27 06:08:01.479939+00:00,2583.38,24.82,2587.437,12.53
ETH/USD,2025-05-27 06:08:01.480261+00:00,2586.129,12.498,2587.437,12.53
ETH/USD,2025-05-27 06:08:01.480545+00:00,2586.129,12.498,2588.0,25.14
ETH/USD,2025-05-27 06:08:01.481218+00:00,2586.129,12.498,2588.647,12.489
ETH/USD,2025-05-27 06:08:15.089871+00:00,2586.129,12.498,2590.1,25.1341
ETH/USD,2025-05-27 06:08:15.090589+00:00,2584.1,25.26,2590.1,25.1341
ETH/USD,2025-05-27 06:08:15.091312+00:00,2586.519,12.55,2590.1,25.1341
ETH/USD,2025-05-27 06:08:15.091506+00:00,2586.519,12.55,2590.925,37.841
ETH/USD,2025-05-27 06:08:15.091578+00:00,2586.519,12.55,2590.264,12.622
ETH/USD,2025-05-27 06:08:15.682769+00:00,2586.519,12.55,2592.0,24.872
ETH/USD,2025-05-27 06:08:15.682845+00:00,2586.22,24.89,2592.0,24.872
ETH/USD,2025-05-27 06:08:15.683061+00:00,2588.21,12.54,2592.0,24.872
ETH/USD,2025-05-27 06:08:15.683329+00:00,2588.21,12.54,2593.39,37.277
ETH/USD,2025-05-27 06:08:15.683802+00:00,2588.21,12.54,2592.2,12.391
ETH/USD,2025-05-27 06:08:15.684170+00:00,2588.46,25.2105,2592.2,12.391
ETH/USD,2025-05-27 06:08:27.109500+00:00,2588.21,12.54,2592.2,12.391
ETH/USD,2025-05-27 06:08:27.110010+00:00,2588.21,12.54,2593.4,25.1929
ETH/USD,2025-05-27 06:08:27.110516+00:00,2588.21,12.54,2590.7,12.45
ETH/USD,2025-05-27 06:08:27.110602+00:00,2587.7,12.449,2590.7,12.45
ETH/USD,2025-05-27 06:08:55.882721+00:00,2586.228,25.259,2590.7,12.45
ETH/USD,2025-05-27 06:08:55.883580+00:00,2586.239,12.57,2590.7,12.45
ETH/USD,2025-05-27 06:08:55.884113+00:00,2586.239,12.57,2591.15,25.081
ETH/USD,2025-05-27 06:08:55.884176+00:00,2586.239,12.57,2589.9,12.568
ETH/USD,2025-05-27 06:09:04.364461+00:00,2585.31,24.85,2589.9,12.568
ETH/USD,2025-05-27 06:09:04.364689+00:00,2586.8,12.5707,2589.9,12.568
ETH/USD,2025-05-27 06:09:04.364927+00:00,2586.8,12.5707,2591.07,25.08
ETH/USD,2025-05-27 06:09:04.365247+00:00,2586.8,12.5707,2590.64,12.56
ETH/USD,2025-05-27 06:09:09.737235+00:00,2586.4,24.94,2590.64,12.56
ETH/USD,2025-05-27 06:09:09.737500+00:00,2588.287,12.61,2590.64,12.56
ETH/USD,2025-05-27 06:09:09.737653+00:00,2588.287,12.61,2592.028,24.805
ETH/USD,2025-05-27 06:09:09.738444+00:00,2588.287,12.61,2592.26,12.596
ETH/USD,2025-05-27 06:09:13.416959+00:00,2588.279,25.16,2592.26,12.596
ETH/USD,2025-05-27 06:09:13.417043+00:00,2590.865,12.4941,2592.26,12.596
ETH/USD,2025-05-27 06:09:13.417398+00:00,2590.865,12.4941,2593.64,25.208
ETH/USD,2025-05-27 06:09:13.417485+00:00,2590.865,12.4941,2592.9,12.413
ETH/USD,2025-05-27 06:09:17.209143+00:00,2590.865,12.4941,2594.984,25.24
ETH/USD,2025-05-27 06:09:17.209654+00:00,2589.7,25.2598,2594.984,25.24
ETH/USD,2025-05-27 06:09:17.210352+00:00,2590.8,12.4915,2594.984,25.24
ETH/USD,2025-05-27 06:09:17.210498+00:00,2590.8,12.4915,2596.462,37.6675
ETH/USD,2025-05-27 06:09:17.211025+00:00,2590.8,12.4915,2594.506,12.57
ETH/USD,2025-05-27 06:09:17.211267+00:00,2591.1,24.964,2594.506,12.57
ETH/USD,2025-05-27 06:09:21.903396+00:00,2590.8,12.4915,2594.506,12.57
ETH/USD,2025-05-27 06:09:21.903816+00:00,2590.8,12.4915,2596.03,24.99
ETH/USD,2025-05-27 06:09:21.904325+00:00,2590.8,12.4915,2594.406,12.4432
ETH/USD,2025-05-27 06:09:21.904499+00:00,2589.663,12.533,2594.406,12.4432
ETH/USD,2025-05-27 06:09:21.904774+00:00,2589.663,12.533,2594.254,25.266
ETH/USD,2025-05-27 06:09:25.280368+00:00,2589.1,25.189,2594.254,25.266
ETH/USD,2025-05-27 06:09:25.280914+00:00,2589.208,12.638,2594.254,25.266
ETH/USD,2025-05-27 06:09:25.281273+00:00,2589.208,12.638,2594.406,12.4432
ETH/USD,2025-05-27 06:09:25.281481+00:00,2589.208,12.638,2591.8,12.4506
ETH/USD,2025-05-27 06:10:04.127537+00:00,2589.208,12.638,2593.58,24.98
ETH/USD,2025-05-27 06:10:04.127742+00:00,2588.22,25.0686,2593.58,24.98
ETH/USD,2025-05-27 06:10:04.127803+00:00,2589.885,12.492,2593.58,24.98
ETH/USD,2025-05-27 06:10:04.127963+00:00,2589.885,12.492,2595.0,37.72
ETH/USD,2025-05-27 06:10:04.128036+00:00,2589.885,12.492,2593.44,12.4
ETH/USD,2025-05-27 06:10:04.128298+00:00,2590.0,25.075,2593.44,12.4
ETH/USD,2025-05-27 06:10:08.281517+00:00,2589.885,12.492,2593.44,12.4
ETH/USD,2025-05-27 06:10:08.281857+00:00,2591.3,12.494,2593.44,12.4
ETH/USD,2025-05-27 06:10:08.282139+00:00,2591.3,12.494,2594.94,25.2447
ETH/USD,2025-05-27 06:10:08.282905+00:00,2591.4,24.9185,2594.94,25.2447
ETH/USD,2025-05-27 06:10:08.283003+00:00,2591.4,24.9185,2595.32,12.4838
ETH/USD,2025-05-27 06:10:16.609311+00:00,2591.3,12.494,2595.32,12.4838
ETH/USD,2025-05-27 06:10:16.609439+00:00,2593.2,12.612,2595.32,12.4838
ETH/USD,2025-05-27 06:10:16.609598+00:00,2593.2,12.612,2596.29,25.2081
ETH/USD,2025-05-27 06:10:16.610253+00:00,2593.2,12.612,2596.85,12.563
ETH/USD,2025-05-27 06:10:16.610442+00:00,2593.2,12.612,2596.716,25.13
ETH/USD,2025-05-27 06:10:19.324614+00:00,2591.92,24.8699,2596.716,25.13
ETH/USD,2025-05-27 06:10:19.324716+00:00,2593.449,12.48,2596.716,25.13
ETH/USD,2025-05-27 06:10:19.324754+00:00,2593.449,12.48,2596.85,12.563
ETH/USD,2025-05-27 06:10:19.325329+00:00,2593.449,12.48,2597.975,12.43
ETH/USD,2025-05-27 06:10:19.325361+00:00,2593.449,12.48,2597.94,25.23
ETH/USD,2025-05-27 06:11:25.347391+00:00,2593.209,25.141,2597.94,25.23
ETH/USD,2025-05-27 06:11:25.347826+00:00,2593.209,25.141,2597.975,12.43
ETH/USD,2025-05-27 06:11:25.348092+00:00,2593.209,25.141,2596.77,12.53
ETH/USD,2025-05-27 06:11:25.348346+00:00,2593.03,12.6136,2596.77,12.53
ETH/USD,2025-05-27 06:12:31.311210+00:00,2592.0,25.024,2596.77,12.53
ETH/USD,2025-05-27 06:12:31.311259+00:00,2594.8,12.62,2596.77,12.53
ETH/USD,2025-05-27 06:12:31.311459+00:00,2594.8,12.62,2597.026,24.9729
ETH/USD,2025-05-27 06:12:31.311884+00:00,2594.8,12.62,2597.0,12.569
ETH/USD,2025-05-27 06:12:33.890715+00:00,2594.8,12.62,2598.98,25.1223
ETH/USD,2025-05-27 06:12:33.891079+00:00,2593.2,24.9218,2598.98,25.1223
ETH/USD,2025-05-27 06:12:33.891239+00:00,2594.994,12.5241,2598.98,25.1223
ETH/USD,2025-05-27 06:12:33.891569+00:00,2594.994,12.5241,2599.366,37.49
ETH/USD,2025-05-27 06:12:33.891740+00:00,2594.994,12.5241,2598.862,12.43
ETH/USD,2025-05-27 06:12:33.891821+00:00,2595.16,25.058,2598.862,12.43
ETH/USD,2025-05-27 06:12:36.010698+00:00,2594.994,12.5241,2598.862,12.43
ETH/USD,2025-05-27 06:12:36.010849+00:00,2594.994,12.5241,2599.53,24.8
ETH/USD,2025-05-27 06:12:36.010924+00:00,2594.994,12.5241,2597.2,12.545
ETH/USD,2025-05-27 06:12:36.010958+00:00,2594.71,12.56,2597.2,12.545
ETH/USD,2025-05-27 06:12:40.715642+00:00,2593.497,25.08,2597.2,12.545
ETH/USD,2025-05-27 06:12:40.715853+00:00,2591.82,37.377,2597.2,12.545
ETH/USD,2025-05-27 06:12:40.716242+00:00,2593.07,12.4612,2597.2,12.545
ETH/USD,2025-05-27 06:12:40.716523+00:00,2593.07,12.4612,2597.903,25.2234
ETH/USD,2025-05-27 06:12:40.716661+00:00,2593.07,12.4612,2595.5,12.634
ETH/USD,2025-05-27 06:12:42.107029+00:00,2593.07,12.4612,2596.71,24.88
ETH/USD,2025-05-27 06:12:42.107219+00:00,2591.78,25.1692,2596.71,24.88
ETH/USD,2025-05-27 06:12:42.107389+00:00,2593.22,12.436,2596.71,24.88
ETH/USD,2025-05-27 06:12:42.107526+00:00,2593.22,12.436,2598.27,37.52
ETH/USD,2025-05-27 06:12:42.107849+00:00,2593.22,12.436,2597.7,12.422
ETH/USD,2025-05-27 06:12:42.108484+00:00,2593.4,25.223,2597.7,12.422
ETH/USD,2025-05-27 06:12:43.814617+00:00,2593.22,12.436,2597.7,12.422
ETH/USD,2025-05-27 06:12:43.814804+00:00,2595.869,12.545,2597.7,12.422
ETH/USD,2025-05-27 06:12:43.814938+00:00,2595.869,12.545,2598.6,25.0752
ETH/USD,2025-05-27 06:12:43.815040+00:00,2595.869,12.545,2598.498,12.4572
ETH/USD,2025-05-27 06:12:49.499589+00:00,2593.801,24.83,2598.498,12.4572
ETH/USD,2025-05-27 06:12:49.499878+00:00,2596.756,12.47,2598.498,12.4572
ETH/USD,2025-05-27 06:12:49.499990+00:00,2596.756,12.47,2599.64,24.954
ETH/USD,2025-05-27 06:12:49.500521+00:00,2596.756,12.47,2600.3,12.39
ETH/USD,2025-05-27 06:12:55.926540+00:00,2595.213,24.845,2600.3,12.39
ETH/USD,2025-05-27 06:12:55.926681+00:00,2598.0,12.462,2600.3,12.39
ETH/USD,2025-05-27 06:12:55.926868+00:00,2598.0,12.462,2600.84,24.94
ETH/USD,2025-05-27 06:12:55.927352+00:00,2598.0,12.462,2601.957,12.4537
ETH/USD,2025-05-27 06:13:34.338260+00:00,2597.96,25.03,2601.957,12.4537
ETH/USD,2025-05-27 06:13:34.339061+00:00,2597.96,25.03,2602.194,25.26
ETH/USD,2025-05-27 06:13:34.339919+00:00,2597.96,25.03,2599.89,12.6
ETH/USD,2025-05-27 06:13:34.340036+00:00,2597.1,12.552,2599.89,12.6
ETH/USD,2025-05-27 06:13:42.710767+00:00,2596.03,25.235,2599.89,12.6
ETH/USD,2025-05-27 06:13:42.711016+00:00,2596.03,25.235,2601.26,24.892
ETH/USD,2025-05-27 06:13:42.711118+00:00,2596.03,25.235,2599.3,12.4451
ETH/USD,2025-05-27 06:13:42.711236+00:00,2595.9,12.4613,2599.3,12.4451
ETH/USD,2025-05-27 06:13:42.711867+00:00,2595.9,12.4613,2599.131,24.79
ETH/USD,2025-05-27 06:14:03.282210+00:00,2594.6,24.81,2599.131,24.79
ETH/USD,2025-05-27 06:14:03.283016+00:00,2596.4,12.44,2599.131,24.79
ETH/USD,2025-05-27 06:14:03.283405+00:00,2596.4,12.44,2599.3,12.4451
ETH/USD,2025-05-27 06:14:03.284119+00:00,2596.4,12.44,2600.35,12.6
ETH/USD,2025-05-27 06:14:05.511885+00:00,2595.993,24.7871,2600.35,12.6
ETH/USD,2025-05-27 06:14:05.511968+00:00,2597.76,12.577,2600.35,12.6
ETH/USD,2025-05-27 06:14:05.512281+00:00,2597.76,12.577,2601.022,24.97
ETH/USD,2025-05-27 06:14:05.512593+00:00,2598.3,25.18,2601.022,24.97
ETH/USD,2025-05-27 06:14:05.512602+00:00,2598.3,25.18,2601.371,12.6366
ETH/USD,2025-05-27 06:14:25.886964+00:00,2598.3,25.18,2602.3,25.2692
ETH/USD,2025-05-27 06:14:25.886983+00:00,2597.76,12.577,2602.3,25.2692
ETH/USD,2025-05-27 06:14:25.887216+00:00,2599.4,12.456,2602.3,25.2692
ETH/USD,2025-05-27 06:14:25.887479+00:00,2599.4,12.456,2605.14,37.85
ETH/USD,2025-05-27 06:14:25.887701+00:00,2599.4,12.456,2603.24,12.595
ETH/USD,2025-05-27 06:14:30.889558+00:00,2599.2,25.2082,2603.24,12.595
ETH/USD,2025-05-27 06:14:30.890156+00:00,2600.8,12.44,2603.24,12.595
ETH/USD,2025-05-27 06:14:30.890416+00:00,2600.8,12.44,2604.31,25.0
ETH/USD,2025-05-27 06:14:30.891312+00:00,2600.961,24.8655,2604.31,25.0
ETH/USD,2025-05-27 06:14:30.891323+00:00,2600.961,24.8655,2604.52,12.398
ETH/USD,2025-05-27 06:14:31.314219+00:00,2600.961,24.8655,2604.82,24.784
ETH/USD,2025-05-27 06:14:31.314380+00:00,2600.8,12.44,2604.82,24.784
ETH/USD,2025-05-27 06:14:31.314465+00:00,2603.1,12.456,2604.82,24.784
ETH/USD,2025-05-27 06:14:31.314514+00:00,2603.1,12.456,2607.72,37.91
ETH/USD,2025-05-27 06:14:31.314581+00:00,2603.1,12.456,2606.91,12.4205
ETH/USD,2025-05-27 06:14:32.693171+00:00,2602.18,25.104,2606.91,12.4205
ETH/USD,2025-05-27 06:14:32.693493+00:00,2604.0,12.58,2606.91,12.4205
ETH/USD,2025-05-27 06:14:32.694034+00:00,2604.0,12.58,2607.1,25.096
ETH/USD,2025-05-27 06:14:32.694419+00:00,2604.0,12.58,2608.018,12.6358
ETH/USD,2025-05-27 06:14:33.223903+00:00,2603.243,24.8402,2608.018,12.6358
ETH/USD,2025-05-27 06:14:33.224225+00:00,2606.643,12.62,2608.018,12.6358
ETH/USD,2025-05-27 06:14:33.224775+00:00,2606.643,12.62,2608.34,24.9088
ETH/USD,2025-05-27 06:14:33.225347+00:00,2606.643,12.62,2608.8,12.4004
ETH/USD,2025-05-27 06:14:42.675145+00:00,2605.166,24.84,2608.8,12.4004
ETH/USD,2025-05-27 06:14:42.675375+00:00,2603.7,37.29,2608.8,12.4004
ETH/USD,2025-05-27 06:14:42.675754+00:00,2605.28,12.4188,2608.8,12.4004
ETH/USD,2025-05-27 06:14:42.676195+00:00,2605.28,12.4188,2609.99,25.045
ETH/USD,2025-05-27 06:14:42.676495+00:00,2605.28,12.4188,2608.08,12.514
ETH/USD,2025-05-27 06:14:48.726853+00:00,2604.3,24.9522,2608.08,12.514
ETH/USD,2025-05-27 06:14:48.727140+00:00,2602.7,37.34,2608.08,12.514
ETH/USD,2025-05-27 06:14:48.727387+00:00,2602.82,12.49,2608.08,12.514
ETH/USD,2025-05-27 06:14:48.727649+00:00,2602.82,12.49,2609.234,25.06
ETH/USD,2025-05-27 06:14:48.727833+00:00,2602.82,12.49,2607.05,12.4
ETH/USD,2025-05-27 06:14:48.728532+00:00,2602.82,12.49,2606.863,24.94
ETH/USD,2025-05-27 06:14:49.114326+00:00,2601.49,25.169,2606.863,24.94
ETH/USD,2025-05-27 06:14:49.114527+00:00,2601.9,12.48,2606.863,24.94
ETH/USD,2025-05-27 06:14:49.114695+00:00,2601.9,12.48,2607.05,12.4
ETH/USD,2025-05-27 06:14:49.114864+00:00,2601.9,12.48,2604.584,12.453
ETH/USD,2025-05-27 06:14:57.480929+00:00,2601.23,24.79,2604.584,12.453
ETH/USD,2025-05-27 06:14:57.481462+00:00,2598.601,37.296,2604.584,12.453
ETH/USD,2025-05-27 06:14:57.481826+00:00,2600.41,12.4505,2604.584,12.453
ETH/USD,2025-05-27 06:14:57.482069+00:00,2600.41,12.4505,2606.054,24.95
ETH/USD,2025-05-27 06:14:57.482140+00:00,2600.41,12.4505,2603.5,12.598
ETH/USD,2025-05-27 06:15:03.484909+00:00,2599.573,25.0262,2603.5,12.598
ETH/USD,2025-05-27 06:15:03.485433+00:00,2601.11,12.49,2603.5,12.598
ETH/USD,2025-05-27 06:15:03.485860+00:00,2601.11,12.49,2604.559,25.141
ETH/USD,2025-05-27 06:15:03.485927+00:00,2601.11,12.49,2604.265,12.448
ETH/USD,2025-05-27 06:15:07.915847+00:00,2601.11,12.49,2606.23,25.13
ETH/USD,2025-05-27 06:15:07.915884+00:00,2600.103,25.24,2606.23,25.13
ETH/USD,2025-05-27 06:15:07.915934+00:00,2602.11,12.501,2606.23,25.13
ETH/USD,2025-05-27 06:15:07.916032+00:00,2602.11,12.501,2607.749,37.608
ETH/USD,2025-05-27 06:15:07.916111+00:00,2602.11,12.501,2606.797,12.502
ETH/USD,2025-05-27 06:15:07.916445+00:00,2602.613,25.087,2606.797,12.502
ETH/USD,2025-05-27 06:15:09.479880+00:00,2602.11,12.501,2606.797,12.502
ETH/USD,2025-05-27 06:15:09.480415+00:00,2604.8,12.46,2606.797,12.502
ETH/USD,2025-05-27 06:15:09.480580+00:00,2604.8,12.46,2607.286,25.22
ETH/USD,2025-05-27 06:15:09.480855+00:00,2604.8,12.46,2607.119,12.638
ETH/USD,2025-05-27 06:15:27.484934+00:00,2604.8,12.46,2609.09,24.973
ETH/USD,2025-05-27 06:15:27.485226+00:00,2603.994,24.8541,2609.09,24.973
ETH/USD,2025-05-27 06:15:27.485822+00:00,2605.4,12.5678,2609.09,24.973
ETH/USD,2025-05-27 06:15:27.486360+00:00,2605.4,12.5678,2610.27,37.9132
ETH/USD,2025-05-27 06:15:27.486468+00:00,2605.4,12.5678,2608.417,12.48
ETH/USD,2025-05-27 06:15:27.486781+00:00,2605.446,24.96,2608.417,12.48
ETH/USD,2025-05-27 06:15:32.411355+00:00,2605.4,12.5678,2608.417,12.48
ETH/USD,2025-05-27 06:15:32.412575+00:00,2605.4,12.5678,2610.187,24.8798
ETH/USD,2025-05-27 06:15:32.413111+00:00,2605.4,12.5678,2607.5,12.458
ETH/USD,2025-05-27 06:15:32.413219+00:00,2603.7,12.52,2607.5,12.458
ETH/USD,2025-05-27 06:15:42.482194+00:00,2602.747,25.017,2607.5,12.458
ETH/USD,2025-05-27 06:15:42.482570+00:00,2605.65,12.5,2607.5,12.458
ETH/USD,2025-05-27 06:15:42.482678+00:00,2605.65,12.5,2608.515,25.063
ETH/USD,2025-05-27 06:15:42.483351+00:00,2605.65,12.5,2609.4,12.622
ETH/USD,2025-05-27 06:15:45.839457+00:00,2604.2,24.93,2609.4,12.622
ETH/USD,2025-05-27 06:15:45.839836+00:00,2607.59,12.57,2609.4,12.622
ETH/USD,2025-05-27 06:15:45.839926+00:00,2607.59,12.57,2610.3,25.234
ETH/USD,2025-05-27 06:15:45.840069+00:00,2607.59,12.57,2609.6,12.64
ETH/USD,2025-05-27 06:16:01.090560+00:00,2607.59,12.57,2610.636,25.045
ETH/USD,2025-05-27 06:16:01.090979+00:00,2605.92,25.07,2610.636,25.045
ETH/USD,2025-05-27 06:16:01.091223+00:00,2608.35,12.46,2610.636,25.045
ETH/USD,2025-05-27 06:16:01.091851+00:00,2608.35,12.46,2612.902,37.4031
ETH/USD,2025-05-27 06:16:01.092234+00:00,2608.35,12.46,2611.6,12.62
ETH/USD,2025-05-27 06:16:19.432633+00:00,2607.506,25.005,2611.6,12.62
ETH/USD,2025-05-27 06:16:19.432720+00:00,2609.7,12.544,2611.6,12.62
ETH/USD,2025-05-27 06:16:19.432835+00:00,2609.7,12.544,2612.686,24.781
ETH/USD,2025-05-27 06:16:19.433216+00:00,2609.7,12.544,2613.0,12.525
ETH/USD,2025-05-27 06:16:47.918736+00:00,2608.321,24.93,2613.0,12.525
ETH/USD,2025-05-27 06:16:47.919197+00:00,2608.9,12.55,2613.0,12.525
ETH/USD,2025-05-27 06:16:47.919575+00:00,2608.9,12.55,2613.44,0.09
ETH/USD,2025-05-27 06:16:47.919717+00:00,2608.9,12.55,2611.89,12.4546
ETH/USD,2025-05-27 06:16:52.212167+00:00,2607.5,25.252,2611.89,12.4546
ETH/USD,2025-05-27 06:16:52.212393+00:00,2605.949,37.53,2611.89,12.4546
ETH/USD,2025-05-27 06:16:52.212432+00:00,2606.821,12.554,2611.89,12.4546
ETH/USD,2025-05-27 06:16:52.212739+00:00,2606.821,12.554,2613.1,24.878
ETH/USD,2025-05-27 06:16:52.213277+00:00,2606.821,12.554,2610.76,12.4477
ETH/USD,2025-05-27 06:16:52.213572+00:00,2606.89,24.8491,2610.76,12.4477
ETH/USD,2025-05-27 06:16:52.213783+00:00,2606.89,24.8491,2610.75,24.81
ETH/USD,2025-05-27 06:17:09.295247+00:00,2606.821,12.554,2610.75,24.81
ETH/USD,2025-05-27 06:17:09.295620+00:00,2606.821,12.554,2610.76,12.4477
ETH/USD,2025-05-27 06:17:09.295726+00:00,2606.821,12.554,2609.0,12.409
ETH/USD,2025-05-27 06:17:09.295971+00:00,2605.037,12.4403,2609.0,12.409
ETH/USD,2025-05-27 06:17:17.234576+00:00,2604.863,25.21,2609.0,12.409
ETH/USD,2025-05-27 06:17:17.234882+00:00,2604.863,25.21,2609.769,24.8149
ETH/USD,2025-05-27 06:17:17.234959+00:00,2604.863,25.21,2608.03,12.4741
ETH/USD,2025-05-27 06:17:17.235127+00:00,2604.6,12.4279,2608.03,12.4741
ETH/USD,2025-05-27 06:17:23.810016+00:00,2604.15,25.256,2608.03,12.4741
ETH/USD,2025-05-27 06:17:23.811060+00:00,2604.15,25.256,2608.35,25.05
ETH/USD,2025-05-27 06:17:23.811379+00:00,2604.15,25.256,2605.9,12.4806
ETH/USD,2025-05-27 06:17:23.811859+00:00,2603.34,12.54,2605.9,12.4806
ETH/USD,2025-05-27 06:17:27.124418+00:00,2603.34,12.54,2607.089,24.8
ETH/USD,2025-05-27 06:17:27.124551+00:00,2602.12,24.7819,2607.089,24.8
ETH/USD,2025-05-27 06:17:27.124686+00:00,2604.814,12.5978,2607.089,24.8
ETH/USD,2025-05-27 06:17:27.124774+00:00,2604.814,12.5978,2608.389,37.567
ETH/USD,2025-05-27 06:17:27.124896+00:00,2604.814,12.5978,2607.43,12.5784
ETH/USD,2025-05-27 06:17:34.808431+00:00,2603.363,24.799,2607.43,12.5784
ETH/USD,2025-05-27 06:17:34.808871+00:00,2605.3,12.51,2607.43,12.5784
ETH/USD,2025-05-27 06:17:34.809118+00:00,2605.3,12.51,2608.4,25.274
ETH/USD,2025-05-27 06:17:34.809819+00:00,2605.3,12.51,2609.37,12.5
ETH/USD,2025-05-27 06:17:36.698780+00:00,2604.598,25.2249,2609.37,12.5
ETH/USD,2025-05-27 06:17:36.699028+00:00,2606.3,12.4633,2609.37,12.5
ETH/USD,2025-05-27 06:17:36.699261+00:00,2606.3,12.4633,2609.501,24.86
ETH/USD,2025-05-27 06:17:36.700219+00:00,2606.76,25.05,2609.501,24.86
ETH/USD,2025-05-27 06:17:36.700488+00:00,2606.76,25.05,2610.2,12.62
ETH/USD,2025-05-27 06:17:56.088623+00:00,2606.3,12.4633,2610.2,12.62
ETH/USD,2025-05-27 06:17:56.089747+00:00,2606.3,12.4633,2611.77,24.7997
ETH/USD,2025-05-27 06:17:56.089877+00:00,2606.3,12.4633,2608.33,12.43
ETH/USD,2025-05-27 06:17:56.089962+00:00,2606.137,12.57,2608.33,12.43
ETH/USD,2025-05-27 06:18:07.958480+00:00,2604.923,25.2401,2608.33,12.43
ETH/USD,2025-05-27 06:18:07.958535+00:00,2602.4,37.638,2608.33,12.43
ETH/USD,2025-05-27 06:18:07.958594+00:00,2604.2,12.407,2608.33,12.43
ETH/USD,2025-05-27 06:18:07.958603+00:00,2604.2,12.407,2610.57,25.203
ETH/USD,2025-05-27 06:18:07.958694+00:00,2604.2,12.407,2607.835,12.581
ETH/USD,2025-05-27 06:18:14.617343+00:00,2602.6,25.0527,2607.835,12.581
ETH/USD,2025-05-27 06:18:14.617785+00:00,2605.0,12.5055,2607.835,12.581
ETH/USD,2025-05-27 06:18:14.618296+00:00,2605.0,12.5055,2609.0,24.8929
ETH/USD,2025-05-27 06:18:14.618419+00:00,2605.0,12.5055,2608.3,12.41
ETH/USD,2025-05-27 06:18:23.518624+00:00,2603.94,25.0639,2608.3,12.41
ETH/USD,2025-05-27 06:18:23.518643+00:00,2604.433,12.41,2608.3,12.41
ETH/USD,2025-05-27 06:18:23.518674+00:00,2604.433,12.41,2609.7,25.082
ETH/USD,2025-05-27 06:18:23.518683+00:00,2604.433,12.41,2607.305,12.43
ETH/USD,2025-05-27 06:18:34.112503+00:00,2602.382,25.151,2607.305,12.43
ETH/USD,2025-05-27 06:18:34.112872+00:00,2601.82,37.253,2607.305,12.43
ETH/USD,2025-05-27 06:18:34.113747+00:00,2601.896,12.42,2607.305,12.43
ETH/USD,2025-05-27 06:18:34.114244+00:00,2601.896,12.42,2609.0,25.0
ETH/USD,2025-05-27 06:18:34.114384+00:00,2601.896,12.42,2605.8,12.47
ETH/USD,2025-05-27 06:18:34.114536+00:00,2602.21,24.8,2605.8,12.47
ETH/USD,2025-05-27 06:18:43.215606+00:00,2601.896,12.42,2605.8,12.47
ETH/USD,2025-05-27 06:18:43.216044+00:00,2601.896,12.42,2606.226,24.822
ETH/USD,2025-05-27 06:18:43.216278+00:00,2601.896,12.42,2604.06,12.5148
ETH/USD,2025-05-27 06:18:43.216489+00:00,2601.56,12.62,2604.06,12.5148
ETH/USD,2025-05-27 06:19:03.217948+00:00,2601.56,12.62,2605.55,25.12
ETH/USD,2025-05-27 06:19:03.218087+00:00,2601.3,24.9853,2605.55,25.12
ETH/USD,2025-05-27 06:19:03.218306+00:00,2602.89,12.5372,2605.55,25.12
ETH/USD,2025-05-27 06:19:03.218372+00:00,2602.89,12.5372,2608.0,37.31
ETH/USD,2025-05-27 06:19:03.218461+00:00,2602.89,12.5372,2605.5,12.462
ETH/USD,2025-05-27 06:19:20.011899+00:00,2602.46,24.842,2605.5,12.462
ETH/USD,2025-05-27 06:19:20.012624+00:00,2602.46,24.842,2607.111,25.048
ETH/USD,2025-05-27 06:19:20.012939+00:00,2602.46,24.842,2604.71,12.532
ETH/USD,2025-05-27 06:19:20.013273+00:00,2601.47,12.4841,2604.71,12.532
ETH/USD,2025-05-27 06:19:40.719702+00:00,2601.2,24.89,2604.71,12.532
ETH/USD,2025-05-27 06:19:40.720419+00:00,2601.2,24.89,2605.0,25.08
ETH/USD,2025-05-27 06:19:40.720732+00:00,2601.2,24.89,2602.8,12.41
ETH/USD,2025-05-27 06:19:40.720911+00:00,2599.478,12.6001,2602.8,12.41
ETH/USD,2025-05-27 06:19:58.510011+00:00,2599.478,12.6001,2604.1,25.219
ETH/USD,2025-05-27 06:19:58.510456+00:00,2598.79,25.118,2604.1,25.219
ETH/USD,2025-05-27 06:19:58.510900+00:00,2600.78,12.4163,2604.1,25.219
ETH/USD,2025-05-27 06:19:58.511031+00:00,2600.78,12.4163,2606.43,37.72
ETH/USD,2025-05-27 06:19:58.511085+00:00,2600.78,12.4163,2604.066,12.59
